%YAML 1.1
%TAG !u! tag:unity3d.com,2011:
--- !u!29 &1
OcclusionCullingSettings:
  m_ObjectHideFlags: 0
  serializedVersion: 2
  m_OcclusionBakeSettings:
    smallestOccluder: 5
    smallestHole: 0.25
    backfaceThreshold: 100
  m_SceneGUID: 00000000000000000000000000000000
  m_OcclusionCullingData: {fileID: 0}
--- !u!104 &2
RenderSettings:
  m_ObjectHideFlags: 0
  serializedVersion: 9
  m_Fog: 0
  m_FogColor: {r: 0.5, g: 0.5, b: 0.5, a: 1}
  m_FogMode: 3
  m_FogDensity: 0.01
  m_LinearFogStart: 0
  m_LinearFogEnd: 300
  m_AmbientSkyColor: {r: 0.212, g: 0.227, b: 0.259, a: 1}
  m_AmbientEquatorColor: {r: 0.114, g: 0.125, b: 0.133, a: 1}
  m_AmbientGroundColor: {r: 0.047, g: 0.043, b: 0.035, a: 1}
  m_AmbientIntensity: 1
  m_AmbientMode: 0
  m_SubtractiveShadowColor: {r: 0.42, g: 0.478, b: 0.627, a: 1}
  m_SkyboxMaterial: {fileID: 10304, guid: 0000000000000000f000000000000000, type: 0}
  m_HaloStrength: 0.5
  m_FlareStrength: 1
  m_FlareFadeSpeed: 3
  m_HaloTexture: {fileID: 0}
  m_SpotCookie: {fileID: 10001, guid: 0000000000000000e000000000000000, type: 0}
  m_DefaultReflectionMode: 0
  m_DefaultReflectionResolution: 128
  m_ReflectionBounces: 1
  m_ReflectionIntensity: 1
  m_CustomReflection: {fileID: 0}
  m_Sun: {fileID: 170076734}
  m_IndirectSpecularColor: {r: 0.44657898, g: 0.4964133, b: 0.5748178, a: 1}
  m_UseRadianceAmbientProbe: 0
--- !u!157 &3
LightmapSettings:
  m_ObjectHideFlags: 0
  serializedVersion: 12
  m_GIWorkflowMode: 0
  m_GISettings:
    serializedVersion: 2
    m_BounceScale: 1
    m_IndirectOutputScale: 1
    m_AlbedoBoost: 1
    m_EnvironmentLightingMode: 0
    m_EnableBakedLightmaps: 1
    m_EnableRealtimeLightmaps: 0
  m_LightmapEditorSettings:
    serializedVersion: 12
    m_Resolution: 2
    m_BakeResolution: 10
    m_AtlasSize: 512
    m_AO: 0
    m_AOMaxDistance: 1
    m_CompAOExponent: 1
    m_CompAOExponentDirect: 0
    m_ExtractAmbientOcclusion: 0
    m_Padding: 2
    m_LightmapParameters: {fileID: 0}
    m_LightmapsBakeMode: 1
    m_TextureCompression: 1
    m_FinalGather: 0
    m_FinalGatherFiltering: 1
    m_FinalGatherRayCount: 256
    m_ReflectionCompression: 2
    m_MixedBakeMode: 2
    m_BakeBackend: 1
    m_PVRSampling: 1
    m_PVRDirectSampleCount: 32
    m_PVRSampleCount: 256
    m_PVRBounces: 2
    m_PVREnvironmentSampleCount: 256
    m_PVREnvironmentReferencePointCount: 2048
    m_PVRFilteringMode: 2
    m_PVRDenoiserTypeDirect: 0
    m_PVRDenoiserTypeIndirect: 0
    m_PVRDenoiserTypeAO: 0
    m_PVRFilterTypeDirect: 0
    m_PVRFilterTypeIndirect: 0
    m_PVRFilterTypeAO: 0
    m_PVREnvironmentMIS: 0
    m_PVRCulling: 1
    m_PVRFilteringGaussRadiusDirect: 1
    m_PVRFilteringGaussRadiusIndirect: 5
    m_PVRFilteringGaussRadiusAO: 2
    m_PVRFilteringAtrousPositionSigmaDirect: 0.5
    m_PVRFilteringAtrousPositionSigmaIndirect: 2
    m_PVRFilteringAtrousPositionSigmaAO: 1
    m_ExportTrainingData: 0
    m_TrainingDataDestination: TrainingData
    m_LightProbeSampleCountMultiplier: 4
  m_LightingDataAsset: {fileID: 0}
  m_LightingSettings: {fileID: 1057825049}
--- !u!196 &4
NavMeshSettings:
  serializedVersion: 2
  m_ObjectHideFlags: 0
  m_BuildSettings:
    serializedVersion: 2
    agentTypeID: 0
    agentRadius: 0.5
    agentHeight: 2
    agentSlope: 45
    agentClimb: 0.4
    ledgeDropHeight: 0
    maxJumpAcrossDistance: 0
    minRegionArea: 2
    manualCellSize: 0
    cellSize: 0.16666667
    manualTileSize: 0
    tileSize: 256
    accuratePlacement: 0
    maxJobWorkers: 0
    preserveTilesOutsideBounds: 0
    debug:
      m_Flags: 0
  m_NavMeshData: {fileID: 0}
--- !u!1 &170076733
GameObject:
  m_ObjectHideFlags: 0
  m_CorrespondingSourceObject: {fileID: 0}
  m_PrefabInstance: {fileID: 0}
  m_PrefabAsset: {fileID: 0}
  serializedVersion: 6
  m_Component:
  - component: {fileID: 170076735}
  - component: {fileID: 170076734}
  m_Layer: 0
  m_Name: Directional Light
  m_TagString: Untagged
  m_Icon: {fileID: 0}
  m_NavMeshLayer: 0
  m_StaticEditorFlags: 0
  m_IsActive: 1
--- !u!108 &170076734
Light:
  m_ObjectHideFlags: 0
  m_CorrespondingSourceObject: {fileID: 0}
  m_PrefabInstance: {fileID: 0}
  m_PrefabAsset: {fileID: 0}
  m_GameObject: {fileID: 170076733}
  m_Enabled: 1
  serializedVersion: 10
  m_Type: 1
  m_Shape: 0
  m_Color: {r: 0.5372549, g: 0.49019608, b: 0.36862746, a: 1}
  m_Intensity: 1
  m_Range: 10
  m_SpotAngle: 30
  m_InnerSpotAngle: 21.80208
  m_CookieSize: 10
  m_Shadows:
    m_Type: 2
    m_Resolution: -1
    m_CustomResolution: -1
    m_Strength: 1
    m_Bias: 0.05
    m_NormalBias: 0.4
    m_NearPlane: 0.2
    m_CullingMatrixOverride:
      e00: 1
      e01: 0
      e02: 0
      e03: 0
      e10: 0
      e11: 1
      e12: 0
      e13: 0
      e20: 0
      e21: 0
      e22: 1
      e23: 0
      e30: 0
      e31: 0
      e32: 0
      e33: 1
    m_UseCullingMatrixOverride: 0
  m_Cookie: {fileID: 0}
  m_DrawHalo: 0
  m_Flare: {fileID: 0}
  m_RenderMode: 0
  m_CullingMask:
    serializedVersion: 2
    m_Bits: 4294967295
  m_RenderingLayerMask: 1
  m_Lightmapping: 1
  m_LightShadowCasterMode: 0
  m_AreaSize: {x: 1, y: 1}
  m_BounceIntensity: 1
  m_ColorTemperature: 6570
  m_UseColorTemperature: 0
  m_BoundingSphereOverride: {x: 2.0479316e-38, y: 0, z: 0, w: 0}
  m_UseBoundingSphereOverride: 0
  m_UseViewFrustumForShadowCasterCull: 1
  m_ShadowRadius: 0
  m_ShadowAngle: 0
--- !u!4 &170076735
Transform:
  m_ObjectHideFlags: 0
  m_CorrespondingSourceObject: {fileID: 0}
  m_PrefabInstance: {fileID: 0}
  m_PrefabAsset: {fileID: 0}
  m_GameObject: {fileID: 170076733}
  m_LocalRotation: {x: 0.40821788, y: -0.23456968, z: 0.10938163, w: 0.8754261}
  m_LocalPosition: {x: 0, y: 3, z: 0}
  m_LocalScale: {x: 1, y: 1, z: 1}
  m_ConstrainProportionsScale: 0
  m_Children: []
  m_Father: {fileID: 0}
  m_RootOrder: 0
  m_LocalEulerAnglesHint: {x: 50, y: -30, z: 0}
--- !u!1 &231837904
GameObject:
  m_ObjectHideFlags: 0
  m_CorrespondingSourceObject: {fileID: 0}
  m_PrefabInstance: {fileID: 0}
  m_PrefabAsset: {fileID: 0}
  serializedVersion: 6
  m_Component:
  - component: {fileID: 231837907}
  - component: {fileID: 231837906}
  - component: {fileID: 231837905}
  m_Layer: 0
  m_Name: Camera
  m_TagString: MainCamera
  m_Icon: {fileID: 0}
  m_NavMeshLayer: 0
  m_StaticEditorFlags: 0
  m_IsActive: 0
--- !u!81 &231837905
AudioListener:
  m_ObjectHideFlags: 0
  m_CorrespondingSourceObject: {fileID: 0}
  m_PrefabInstance: {fileID: 0}
  m_PrefabAsset: {fileID: 0}
  m_GameObject: {fileID: 231837904}
  m_Enabled: 1
--- !u!20 &231837906
Camera:
  m_ObjectHideFlags: 0
  m_CorrespondingSourceObject: {fileID: 0}
  m_PrefabInstance: {fileID: 0}
  m_PrefabAsset: {fileID: 0}
  m_GameObject: {fileID: 231837904}
  m_Enabled: 1
  serializedVersion: 2
  m_ClearFlags: 1
  m_BackGroundColor: {r: 0.19215687, g: 0.3019608, b: 0.4745098, a: 0}
  m_projectionMatrixMode: 1
  m_GateFitMode: 2
  m_FOVAxisMode: 0
  m_SensorSize: {x: 36, y: 24}
  m_LensShift: {x: 0, y: 0}
  m_FocalLength: 50
  m_NormalizedViewPortRect:
    serializedVersion: 2
    x: 0
    y: 0
    width: 1
    height: 1
  near clip plane: 0.3
  far clip plane: 1000
  field of view: 60
  orthographic: 0
  orthographic size: 5
  m_Depth: 0
  m_CullingMask:
    serializedVersion: 2
    m_Bits: 4294967295
  m_RenderingPath: -1
  m_TargetTexture: {fileID: 0}
  m_TargetDisplay: 0
  m_TargetEye: 3
  m_HDR: 1
  m_AllowMSAA: 1
  m_AllowDynamicResolution: 0
  m_ForceIntoRT: 0
  m_OcclusionCulling: 1
  m_StereoConvergence: 10
  m_StereoSeparation: 0.022
--- !u!4 &231837907
Transform:
  m_ObjectHideFlags: 0
  m_CorrespondingSourceObject: {fileID: 0}
  m_PrefabInstance: {fileID: 0}
  m_PrefabAsset: {fileID: 0}
  m_GameObject: {fileID: 231837904}
  m_LocalRotation: {x: 0.07393439, y: 0, z: 0, w: 0.9972631}
  m_LocalPosition: {x: 0, y: 1.75, z: -3.33}
  m_LocalScale: {x: 1, y: 1, z: 1}
  m_ConstrainProportionsScale: 0
  m_Children: []
  m_Father: {fileID: 0}
  m_RootOrder: 1
  m_LocalEulerAnglesHint: {x: 8.48, y: 0, z: 0}
--- !u!1 &538968816
GameObject:
  m_ObjectHideFlags: 0
  m_CorrespondingSourceObject: {fileID: 0}
  m_PrefabInstance: {fileID: 0}
  m_PrefabAsset: {fileID: 0}
  serializedVersion: 6
  m_Component:
  - component: {fileID: 538968817}
  - component: {fileID: 538968818}
  - component: {fileID: 538968819}
  m_Layer: 0
  m_Name: LeftEye
  m_TagString: Untagged
  m_Icon: {fileID: 0}
  m_NavMeshLayer: 0
  m_StaticEditorFlags: 0
  m_IsActive: 1
--- !u!4 &538968817
Transform:
  m_ObjectHideFlags: 0
  m_CorrespondingSourceObject: {fileID: 0}
  m_PrefabInstance: {fileID: 0}
  m_PrefabAsset: {fileID: 0}
  m_GameObject: {fileID: 538968816}
  m_LocalRotation: {x: 0.7071068, y: -0, z: -0, w: 0.7071068}
  m_LocalPosition: {x: -0.032, y: 0, z: 0}
  m_LocalScale: {x: 1, y: 1, z: 1}
  m_ConstrainProportionsScale: 0
  m_Children: []
  m_Father: {fileID: 925999534}
  m_RootOrder: 0
  m_LocalEulerAnglesHint: {x: 0, y: 0, z: 0}
--- !u!20 &538968818
Camera:
  m_ObjectHideFlags: 0
  m_CorrespondingSourceObject: {fileID: 0}
  m_PrefabInstance: {fileID: 0}
  m_PrefabAsset: {fileID: 0}
  m_GameObject: {fileID: 538968816}
  m_Enabled: 1
  serializedVersion: 2
  m_ClearFlags: 1
  m_BackGroundColor: {r: 0.19215687, g: 0.3019608, b: 0.4745098, a: 0}
  m_projectionMatrixMode: 0
  m_GateFitMode: 2
  m_FOVAxisMode: 0
  m_SensorSize: {x: 36, y: 24}
  m_LensShift: {x: 0, y: 0}
  m_FocalLength: 50
  m_NormalizedViewPortRect:
    serializedVersion: 2
    x: 0
    y: 0
    width: 1
    height: 1
  near clip plane: 0.3
  far clip plane: 10000
  field of view: 60
  orthographic: 0
  orthographic size: 5
  m_Depth: 0
  m_CullingMask:
    serializedVersion: 2
    m_Bits: 4294967295
  m_RenderingPath: -1
  m_TargetTexture: {fileID: 0}
  m_TargetDisplay: 0
  m_TargetEye: 3
  m_HDR: 1
  m_AllowMSAA: 1
  m_AllowDynamicResolution: 0
  m_ForceIntoRT: 0
  m_OcclusionCulling: 1
  m_StereoConvergence: 10
  m_StereoSeparation: 0.022
--- !u!114 &538968819
MonoBehaviour:
  m_ObjectHideFlags: 0
  m_CorrespondingSourceObject: {fileID: 0}
  m_PrefabInstance: {fileID: 0}
  m_PrefabAsset: {fileID: 0}
  m_GameObject: {fileID: 538968816}
  m_Enabled: 1
  m_EditorHideFlags: 0
  m_Script: {fileID: 11500000, guid: 8de79fa275eb6fb49b12c37f78fa03ae, type: 3}
  m_Name: 
  m_EditorClassIdentifier: 
  mEyeTye: 0
--- !u!1 &571600145
GameObject:
  m_ObjectHideFlags: 0
  m_CorrespondingSourceObject: {fileID: 0}
  m_PrefabInstance: {fileID: 0}
  m_PrefabAsset: {fileID: 0}
  serializedVersion: 6
  m_Component:
  - component: {fileID: 571600147}
  - component: {fileID: 571600146}
  m_Layer: 0
  m_Name: MicroLightCameraRig
  m_TagString: Untagged
  m_Icon: {fileID: 0}
  m_NavMeshLayer: 0
  m_StaticEditorFlags: 0
  m_IsActive: 1
--- !u!114 &571600146
MonoBehaviour:
  m_ObjectHideFlags: 0
  m_CorrespondingSourceObject: {fileID: 0}
  m_PrefabInstance: {fileID: 0}
  m_PrefabAsset: {fileID: 0}
  m_GameObject: {fileID: 571600145}
  m_Enabled: 1
  m_EditorHideFlags: 0
  m_Script: {fileID: 11500000, guid: c49048326bf4b8d489ee2af62498b701, type: 3}
  m_Name: 
  m_EditorClassIdentifier: 
  id: 1
  UpdatePosition: 0
  UpdateRotation: 0
  serialnumber: 
  Active: 0
  mTrackingSpaces:
  - {fileID: 925999533}
--- !u!4 &571600147
Transform:
  m_ObjectHideFlags: 0
  m_CorrespondingSourceObject: {fileID: 0}
  m_PrefabInstance: {fileID: 0}
  m_PrefabAsset: {fileID: 0}
  m_GameObject: {fileID: 571600145}
  m_LocalRotation: {x: 0, y: 0, z: 0, w: 1}
  m_LocalPosition: {x: 0, y: 0.743, z: -1.086}
  m_LocalScale: {x: 1, y: 1, z: 1}
  m_ConstrainProportionsScale: 0
  m_Children:
  - {fileID: 925999534}
  m_Father: {fileID: 1043617437}
  m_RootOrder: 2
  m_LocalEulerAnglesHint: {x: 0, y: 0, z: 0}
--- !u!1 &792368822
GameObject:
  m_ObjectHideFlags: 0
  m_CorrespondingSourceObject: {fileID: 0}
  m_PrefabInstance: {fileID: 0}
  m_PrefabAsset: {fileID: 0}
  serializedVersion: 6
  m_Component:
  - component: {fileID: 792368826}
  - component: {fileID: 792368825}
  - component: {fileID: 792368824}
  - component: {fileID: 792368823}
  m_Layer: 0
  m_Name: Plane
  m_TagString: Untagged
  m_Icon: {fileID: 0}
  m_NavMeshLayer: 0
  m_StaticEditorFlags: 0
  m_IsActive: 1
--- !u!64 &792368823
MeshCollider:
  m_ObjectHideFlags: 0
  m_CorrespondingSourceObject: {fileID: 0}
  m_PrefabInstance: {fileID: 0}
  m_PrefabAsset: {fileID: 0}
  m_GameObject: {fileID: 792368822}
  m_Material: {fileID: 0}
  m_IsTrigger: 0
  m_Enabled: 1
  serializedVersion: 4
  m_Convex: 0
  m_CookingOptions: 30
  m_Mesh: {fileID: 10209, guid: 0000000000000000e000000000000000, type: 0}
--- !u!23 &792368824
MeshRenderer:
  m_ObjectHideFlags: 0
  m_CorrespondingSourceObject: {fileID: 0}
  m_PrefabInstance: {fileID: 0}
  m_PrefabAsset: {fileID: 0}
  m_GameObject: {fileID: 792368822}
  m_Enabled: 1
  m_CastShadows: 1
  m_ReceiveShadows: 1
  m_DynamicOccludee: 1
  m_StaticShadowCaster: 0
  m_MotionVectors: 1
  m_LightProbeUsage: 1
  m_ReflectionProbeUsage: 1
  m_RayTracingMode: 2
  m_RayTraceProcedural: 0
  m_RenderingLayerMask: 1
  m_RendererPriority: 0
  m_Materials:
  - {fileID: 2100000, guid: e88eeab112610cb42b0ba37a146a04cb, type: 2}
  m_StaticBatchInfo:
    firstSubMesh: 0
    subMeshCount: 0
  m_StaticBatchRoot: {fileID: 0}
  m_ProbeAnchor: {fileID: 0}
  m_LightProbeVolumeOverride: {fileID: 0}
  m_ScaleInLightmap: 1
  m_ReceiveGI: 1
  m_PreserveUVs: 0
  m_IgnoreNormalsForChartDetection: 0
  m_ImportantGI: 0
  m_StitchLightmapSeams: 1
  m_SelectedEditorRenderState: 3
  m_MinimumChartSize: 4
  m_AutoUVMaxDistance: 0.5
  m_AutoUVMaxAngle: 89
  m_LightmapParameters: {fileID: 0}
  m_SortingLayerID: 0
  m_SortingLayer: 0
  m_SortingOrder: 0
  m_AdditionalVertexStreams: {fileID: 0}
--- !u!33 &792368825
MeshFilter:
  m_ObjectHideFlags: 0
  m_CorrespondingSourceObject: {fileID: 0}
  m_PrefabInstance: {fileID: 0}
  m_PrefabAsset: {fileID: 0}
  m_GameObject: {fileID: 792368822}
  m_Mesh: {fileID: 10209, guid: 0000000000000000e000000000000000, type: 0}
--- !u!4 &792368826
Transform:
  m_ObjectHideFlags: 0
  m_CorrespondingSourceObject: {fileID: 0}
  m_PrefabInstance: {fileID: 0}
  m_PrefabAsset: {fileID: 0}
  m_GameObject: {fileID: 792368822}
  m_LocalRotation: {x: -0, y: -0, z: -0, w: 1}
  m_LocalPosition: {x: 4550, y: -97, z: 2334}
  m_LocalScale: {x: 300, y: 300, z: 300}
  m_ConstrainProportionsScale: 0
  m_Children: []
  m_Father: {fileID: 0}
  m_RootOrder: 6
  m_LocalEulerAnglesHint: {x: 0, y: 0, z: 0}
--- !u!1 &925999532
GameObject:
  m_ObjectHideFlags: 0
  m_CorrespondingSourceObject: {fileID: 0}
  m_PrefabInstance: {fileID: 0}
  m_PrefabAsset: {fileID: 0}
  serializedVersion: 6
  m_Component:
  - component: {fileID: 925999534}
  - component: {fileID: 925999533}
  m_Layer: 0
  m_Name: TrackingSpace
  m_TagString: Untagged
  m_Icon: {fileID: 0}
  m_NavMeshLayer: 0
  m_StaticEditorFlags: 0
  m_IsActive: 1
--- !u!114 &925999533
MonoBehaviour:
  m_ObjectHideFlags: 0
  m_CorrespondingSourceObject: {fileID: 0}
  m_PrefabInstance: {fileID: 0}
  m_PrefabAsset: {fileID: 0}
  m_GameObject: {fileID: 925999532}
  m_Enabled: 1
  m_EditorHideFlags: 0
  m_Script: {fileID: 11500000, guid: 28b92a827a0448f4690e28c86cdc6e67, type: 3}
  m_Name: 
  m_EditorClassIdentifier: 
  id: 0
  LeftEye: {fileID: 538968819}
  RightEye: {fileID: 1066716811}
  _BingdingAera: {fileID: 1885623378}
--- !u!4 &925999534
Transform:
  m_ObjectHideFlags: 0
  m_CorrespondingSourceObject: {fileID: 0}
  m_PrefabInstance: {fileID: 0}
  m_PrefabAsset: {fileID: 0}
  m_GameObject: {fileID: 925999532}
  m_LocalRotation: {x: 0, y: 0, z: 0, w: 1}
  m_LocalPosition: {x: 0, y: 0, z: 0}
  m_LocalScale: {x: 1, y: 1, z: 1}
  m_ConstrainProportionsScale: 0
  m_Children:
  - {fileID: 538968817}
  - {fileID: 1066716813}
  m_Father: {fileID: 571600147}
  m_RootOrder: 0
  m_LocalEulerAnglesHint: {x: 0, y: 0, z: 0}
--- !u!1 &1043617435
GameObject:
  m_ObjectHideFlags: 0
  m_CorrespondingSourceObject: {fileID: 0}
  m_PrefabInstance: {fileID: 0}
  m_PrefabAsset: {fileID: 0}
  serializedVersion: 6
  m_Component:
  - component: {fileID: 1043617437}
  - component: {fileID: 1043617436}
  - component: {fileID: 1043617439}
  - component: {fileID: 1043617438}
  m_Layer: 0
  m_Name: MicroLightManager
  m_TagString: Untagged
  m_Icon: {fileID: 0}
  m_NavMeshLayer: 0
  m_StaticEditorFlags: 0
  m_IsActive: 1
--- !u!114 &1043617436
MonoBehaviour:
  m_ObjectHideFlags: 0
  m_CorrespondingSourceObject: {fileID: 0}
  m_PrefabInstance: {fileID: 0}
  m_PrefabAsset: {fileID: 0}
  m_GameObject: {fileID: 1043617435}
  m_Enabled: 1
  m_EditorHideFlags: 0
  m_Script: {fileID: 11500000, guid: 22d6e275d6747c346b2a1bf57d435395, type: 3}
  m_Name: 
  m_EditorClassIdentifier: 
  appid: 78a4ad68c98cb40f
  appkey: 622480c88ba3cb51
  code: 6051056611412581414505864631510613156500105456105954126
  mRenderType: 0
  mProjectionMode: 0
  TempmProjectionMode: 0
  mRenderMode: 0
  AutoFullScreen: 1
  ShowOnPRIMARY: 0
  mRenderTextureSize: {x: 3840, y: 2160}
  mPlayAeraSize:
    mSurfaceSize: {x: 1.78, y: 1}
    mTrapezoidRoomSize:
      GlobalHeight: 2
      FrontWidth: 2
      LeftWidth: 2
      RightWidth: 2
      IntersectionAngle: 120
    ProjectionFaceInclination: 0
  SurfacePlayAera: {fileID: 1885623378}
  LTypeRoomFrontPlayAera: {fileID: 0}
  LTypeRoomFloorPlayAera: {fileID: 0}
  TrapezoidRoomLeftPlayAera: {fileID: 0}
  TrapezoidRoomFrontPlayAera: {fileID: 0}
  TrapezoidRoomRightPlayAera: {fileID: 0}
  TrapezoidRoomFloorPlayAera: {fileID: 0}
  PlayAeraDrawGridColor: {r: 0, g: 0.8477471, b: 1, a: 1}
  PlayAeraEditorSection: 40
  PlayAeraDrawGridOutlineColor: {r: 1, g: 0, b: 0, a: 1}
  PlayAeraEditorDrawGrid: 1
  PlayAeraRuntimeDrawGrid: 0
  PlayAeraRuntimeDrawGridStep: 0.01
  PlayAeraRuntimeDrawGridVerticalCount: 1
  PlayAeraRuntimeDrawGridHorizontalCount: 1
  mCameraRig: {fileID: 571600146}
  PDI: 0.064
  OpenTracker: 1
  deviceType: 0
  CheckAuthorization: 1
--- !u!4 &1043617437
Transform:
  m_ObjectHideFlags: 0
  m_CorrespondingSourceObject: {fileID: 0}
  m_PrefabInstance: {fileID: 0}
  m_PrefabAsset: {fileID: 0}
  m_GameObject: {fileID: 1043617435}
  m_LocalRotation: {x: 0, y: 0, z: 0, w: 1}
  m_LocalPosition: {x: 4042, y: 143, z: 2500}
  m_LocalScale: {x: 4000, y: 4000, z: 4000}
  m_ConstrainProportionsScale: 0
  m_Children:
  - {fileID: 2063583549}
  - {fileID: 1885623379}
  - {fileID: 571600147}
  m_Father: {fileID: 0}
  m_RootOrder: 2
  m_LocalEulerAnglesHint: {x: 0, y: -360, z: 0}
--- !u!114 &1043617438
MonoBehaviour:
  m_ObjectHideFlags: 0
  m_CorrespondingSourceObject: {fileID: 0}
  m_PrefabInstance: {fileID: 0}
  m_PrefabAsset: {fileID: 0}
  m_GameObject: {fileID: 1043617435}
  m_Enabled: 1
  m_EditorHideFlags: 0
  m_Script: {fileID: 11500000, guid: 32d2866d2cdfbc847b5044d84e00a0ae, type: 3}
  m_Name: 
  m_EditorClassIdentifier: 
  AutoPlay: 1
  Loop: 1
  AnimationName: RoamingAnimation1
  Frame: 0
  FrameStep: 0.001
  FrameSpeed: 5
  IsPlaying: 0
--- !u!111 &1043617439
Animation:
  m_ObjectHideFlags: 0
  m_CorrespondingSourceObject: {fileID: 0}
  m_PrefabInstance: {fileID: 0}
  m_PrefabAsset: {fileID: 0}
  m_GameObject: {fileID: 1043617435}
  m_Enabled: 1
  serializedVersion: 3
  m_Animation: {fileID: 7400000, guid: 487f5853a9e27c64f8e5797485d6c408, type: 2}
  m_Animations:
  - {fileID: 7400000, guid: 487f5853a9e27c64f8e5797485d6c408, type: 2}
  m_WrapMode: 0
  m_PlayAutomatically: 0
  m_AnimatePhysics: 0
  m_CullingType: 0
--- !u!850595691 &1057825049
LightingSettings:
  m_ObjectHideFlags: 0
  m_CorrespondingSourceObject: {fileID: 0}
  m_PrefabInstance: {fileID: 0}
  m_PrefabAsset: {fileID: 0}
  m_Name: Settings.lighting
  serializedVersion: 4
  m_GIWorkflowMode: 0
  m_EnableBakedLightmaps: 1
  m_EnableRealtimeLightmaps: 0
  m_RealtimeEnvironmentLighting: 1
  m_BounceScale: 1
  m_AlbedoBoost: 1
  m_IndirectOutputScale: 1
  m_UsingShadowmask: 1
  m_BakeBackend: 1
  m_LightmapMaxSize: 512
  m_BakeResolution: 10
  m_Padding: 2
  m_LightmapCompression: 3
  m_AO: 0
  m_AOMaxDistance: 1
  m_CompAOExponent: 1
  m_CompAOExponentDirect: 0
  m_ExtractAO: 0
  m_MixedBakeMode: 2
  m_LightmapsBakeMode: 1
  m_FilterMode: 1
  m_LightmapParameters: {fileID: 15204, guid: 0000000000000000f000000000000000, type: 0}
  m_ExportTrainingData: 0
  m_TrainingDataDestination: TrainingData
  m_RealtimeResolution: 2
  m_ForceWhiteAlbedo: 0
  m_ForceUpdates: 0
  m_FinalGather: 0
  m_FinalGatherRayCount: 256
  m_FinalGatherFiltering: 1
  m_PVRCulling: 1
  m_PVRSampling: 1
  m_PVRDirectSampleCount: 32
  m_PVRSampleCount: 256
  m_PVREnvironmentSampleCount: 256
  m_PVREnvironmentReferencePointCount: 2048
  m_LightProbeSampleCountMultiplier: 4
  m_PVRBounces: 2
  m_PVRMinBounces: 2
  m_PVREnvironmentMIS: 0
  m_PVRFilteringMode: 2
  m_PVRDenoiserTypeDirect: 0
  m_PVRDenoiserTypeIndirect: 0
  m_PVRDenoiserTypeAO: 0
  m_PVRFilterTypeDirect: 0
  m_PVRFilterTypeIndirect: 0
  m_PVRFilterTypeAO: 0
  m_PVRFilteringGaussRadiusDirect: 1
  m_PVRFilteringGaussRadiusIndirect: 5
  m_PVRFilteringGaussRadiusAO: 2
  m_PVRFilteringAtrousPositionSigmaDirect: 0.5
  m_PVRFilteringAtrousPositionSigmaIndirect: 2
  m_PVRFilteringAtrousPositionSigmaAO: 1
  m_PVRTiledBaking: 0
--- !u!1 &1066716810
GameObject:
  m_ObjectHideFlags: 0
  m_CorrespondingSourceObject: {fileID: 0}
  m_PrefabInstance: {fileID: 0}
  m_PrefabAsset: {fileID: 0}
  serializedVersion: 6
  m_Component:
  - component: {fileID: 1066716813}
  - component: {fileID: 1066716812}
  - component: {fileID: 1066716811}
  m_Layer: 0
  m_Name: RightEye
  m_TagString: Untagged
  m_Icon: {fileID: 0}
  m_NavMeshLayer: 0
  m_StaticEditorFlags: 0
  m_IsActive: 1
--- !u!114 &1066716811
MonoBehaviour:
  m_ObjectHideFlags: 0
  m_CorrespondingSourceObject: {fileID: 0}
  m_PrefabInstance: {fileID: 0}
  m_PrefabAsset: {fileID: 0}
  m_GameObject: {fileID: 1066716810}
  m_Enabled: 1
  m_EditorHideFlags: 0
  m_Script: {fileID: 11500000, guid: 8de79fa275eb6fb49b12c37f78fa03ae, type: 3}
  m_Name: 
  m_EditorClassIdentifier: 
  mEyeTye: 1
--- !u!20 &1066716812
Camera:
  m_ObjectHideFlags: 0
  m_CorrespondingSourceObject: {fileID: 0}
  m_PrefabInstance: {fileID: 0}
  m_PrefabAsset: {fileID: 0}
  m_GameObject: {fileID: 1066716810}
  m_Enabled: 1
  serializedVersion: 2
  m_ClearFlags: 1
  m_BackGroundColor: {r: 0.19215687, g: 0.3019608, b: 0.4745098, a: 0}
  m_projectionMatrixMode: 0
  m_GateFitMode: 2
  m_FOVAxisMode: 0
  m_SensorSize: {x: 36, y: 24}
  m_LensShift: {x: 0, y: 0}
  m_FocalLength: 50
  m_NormalizedViewPortRect:
    serializedVersion: 2
    x: 0
    y: 0
    width: 1
    height: 1
  near clip plane: 0.3
  far clip plane: 10000
  field of view: 60
  orthographic: 0
  orthographic size: 5
  m_Depth: 0
  m_CullingMask:
    serializedVersion: 2
    m_Bits: 4294967295
  m_RenderingPath: -1
  m_TargetTexture: {fileID: 0}
  m_TargetDisplay: 0
  m_TargetEye: 3
  m_HDR: 1
  m_AllowMSAA: 1
  m_AllowDynamicResolution: 0
  m_ForceIntoRT: 0
  m_OcclusionCulling: 1
  m_StereoConvergence: 10
  m_StereoSeparation: 0.022
--- !u!4 &1066716813
Transform:
  m_ObjectHideFlags: 0
  m_CorrespondingSourceObject: {fileID: 0}
  m_PrefabInstance: {fileID: 0}
  m_PrefabAsset: {fileID: 0}
  m_GameObject: {fileID: 1066716810}
  m_LocalRotation: {x: 0.7071068, y: -0, z: -0, w: 0.7071068}
  m_LocalPosition: {x: 0.032, y: 0, z: 0}
  m_LocalScale: {x: 1, y: 1, z: 1}
  m_ConstrainProportionsScale: 0
  m_Children: []
  m_Father: {fileID: 925999534}
  m_RootOrder: 1
  m_LocalEulerAnglesHint: {x: 0, y: 0, z: 0}
--- !u!1 &1553488019
GameObject:
  m_ObjectHideFlags: 0
  m_CorrespondingSourceObject: {fileID: 0}
  m_PrefabInstance: {fileID: 0}
  m_PrefabAsset: {fileID: 0}
  serializedVersion: 6
  m_Component:
  - component: {fileID: 1553488020}
  - component: {fileID: 1553488022}
  - component: {fileID: 1553488021}
  - component: {fileID: 1553488023}
  - component: {fileID: 1553488024}
  - component: {fileID: 1553488025}
  - component: {fileID: 1553488026}
  - component: {fileID: 1553488027}
  m_Layer: 0
  m_Name: Terrain_0_0_733b33b6-820c-4199-8de1-4fceb046b383
  m_TagString: Untagged
  m_Icon: {fileID: 0}
  m_NavMeshLayer: 0
  m_StaticEditorFlags: 2147483647
  m_IsActive: 1
--- !u!4 &1553488020
Transform:
  m_ObjectHideFlags: 0
  m_CorrespondingSourceObject: {fileID: 0}
  m_PrefabInstance: {fileID: 0}
  m_PrefabAsset: {fileID: 0}
  m_GameObject: {fileID: 1553488019}
  m_LocalRotation: {x: -0, y: -0, z: -0, w: 1}
  m_LocalPosition: {x: 0, y: 0, z: 0}
  m_LocalScale: {x: 1, y: 1, z: 1}
  m_ConstrainProportionsScale: 0
  m_Children: []
  m_Father: {fileID: 2054669565}
  m_RootOrder: 0
  m_LocalEulerAnglesHint: {x: 0, y: 0, z: 0}
--- !u!154 &1553488021
TerrainCollider:
  m_ObjectHideFlags: 0
  m_CorrespondingSourceObject: {fileID: 0}
  m_PrefabInstance: {fileID: 0}
  m_PrefabAsset: {fileID: 0}
  m_GameObject: {fileID: 1553488019}
  m_Material: {fileID: 0}
  m_Enabled: 1
  m_TerrainData: {fileID: 15600000, guid: 7e7d1f38c431b434abe9cad785073310, type: 2}
  m_EnableTreeColliders: 1
--- !u!218 &1553488022
Terrain:
  m_ObjectHideFlags: 0
  m_CorrespondingSourceObject: {fileID: 0}
  m_PrefabInstance: {fileID: 0}
  m_PrefabAsset: {fileID: 0}
  m_GameObject: {fileID: 1553488019}
  m_Enabled: 1
  serializedVersion: 6
  m_TerrainData: {fileID: 15600000, guid: 7e7d1f38c431b434abe9cad785073310, type: 2}
  m_TreeDistance: 5000
  m_TreeBillboardDistance: 50
  m_TreeCrossFadeLength: 5
  m_TreeMaximumFullLODCount: 50
  m_DetailObjectDistance: 80
  m_DetailObjectDensity: 1
  m_HeightmapPixelError: 5
  m_SplatMapDistance: 1000
  m_HeightmapMaximumLOD: 0
  m_ShadowCastingMode: 2
  m_DrawHeightmap: 1
  m_DrawInstanced: 1
  m_DrawTreesAndFoliage: 1
  m_StaticShadowCaster: 0
  m_ReflectionProbeUsage: 1
  m_MaterialTemplate: {fileID: 10652, guid: 0000000000000000f000000000000000, type: 0}
  m_BakeLightProbesForTrees: 1
  m_PreserveTreePrototypeLayers: 0
  m_DeringLightProbesForTrees: 1
  m_ScaleInLightmap: 0.8
  m_LightmapParameters: {fileID: 15203, guid: 0000000000000000f000000000000000, type: 0}
  m_GroupingID: 0
  m_RenderingLayerMask: 1
  m_AllowAutoConnect: 1
--- !u!114 &1553488023
MonoBehaviour:
  m_ObjectHideFlags: 0
  m_CorrespondingSourceObject: {fileID: 0}
  m_PrefabInstance: {fileID: 0}
  m_PrefabAsset: {fileID: 0}
  m_GameObject: {fileID: 1553488019}
  m_Enabled: 1
  m_EditorHideFlags: 0
  m_Script: {fileID: 11500000, guid: f37a66a0116c1d5438395794273f3fa4, type: 3}
  m_Name: 
  m_EditorClassIdentifier: 
  terrain: {fileID: 1553488022}
  terrainCollider: {fileID: 1553488021}
  TerrainColliderCornersWorldCorners:
  - {x: 0, y: 0.04272461, z: -1674}
  - {x: 0, y: 0.04272461, z: 6518}
  - {x: 0, y: 199.95728, z: -1674}
  - {x: 0, y: 199.95728, z: 6518}
  - {x: 8192, y: 0.04272461, z: -1674}
  - {x: 8192, y: 0.04272461, z: 6518}
  - {x: 8192, y: 199.95728, z: -1674}
  - {x: 8192, y: 199.95728, z: 6518}
  color: {r: 0, g: 0.22644854, b: 1, a: 0.21176471}
  planeType: 1
--- !u!114 &1553488024
MonoBehaviour:
  m_ObjectHideFlags: 0
  m_CorrespondingSourceObject: {fileID: 0}
  m_PrefabInstance: {fileID: 0}
  m_PrefabAsset: {fileID: 0}
  m_GameObject: {fileID: 1553488019}
  m_Enabled: 1
  m_EditorHideFlags: 0
  m_Script: {fileID: 11500000, guid: 7457f1e2909426e4db788dbd09086c86, type: 3}
  m_Name: 
  m_EditorClassIdentifier: 
  ExplorationPoints:
    BottomRightLatLon: {x: 39.30826, y: 116.74541}
    TopLeftLatLon: {x: 39.403652, y: 116.55889}
    Points:
    - Id: 0_0
      Point: {x: 39.39883, y: 116.54949}
      Depth: 100
      RGBA: {x: 1, y: 0, z: 0, w: 1}
    - Id: 0_1
      Point: {x: 39.38924, y: 116.549416}
      Depth: 100
      RGBA: {x: 1, y: 0, z: 0, w: 1}
    - Id: 0_2
      Point: {x: 39.379646, y: 116.54935}
      Depth: 100
      RGBA: {x: 1, y: 0, z: 0, w: 1}
    - Id: 0_3
      Point: {x: 39.370056, y: 116.54928}
      Depth: 100
      RGBA: {x: 1, y: 0, z: 0, w: 1}
    - Id: 0_4
      Point: {x: 39.360462, y: 116.5492}
      Depth: 100
      RGBA: {x: 1, y: 0, z: 0, w: 1}
    - Id: 0_5
      Point: {x: 39.350872, y: 116.549126}
      Depth: 100
      RGBA: {x: 1, y: 0, z: 0, w: 1}
    - Id: 0_6
      Point: {x: 39.341278, y: 116.54906}
      Depth: 100
      RGBA: {x: 1, y: 0, z: 0, w: 1}
    - Id: 0_7
      Point: {x: 39.331688, y: 116.54899}
      Depth: 100
      RGBA: {x: 1, y: 0, z: 0, w: 1}
    - Id: 0_8
      Point: {x: 39.322094, y: 116.54891}
      Depth: 100
      RGBA: {x: 1, y: 0, z: 0, w: 1}
    - Id: 0_9
      Point: {x: 39.312504, y: 116.548836}
      Depth: 100
      RGBA: {x: 1, y: 0, z: 0, w: 1}
    - Id: 1_0
      Point: {x: 39.398884, y: 116.568214}
      Depth: 100
      RGBA: {x: 1, y: 0, z: 0, w: 1}
    - Id: 1_1
      Point: {x: 39.389294, y: 116.56814}
      Depth: 100
      RGBA: {x: 1, y: 0, z: 0, w: 1}
    - Id: 1_2
      Point: {x: 39.3797, y: 116.56807}
      Depth: 100
      RGBA: {x: 1, y: 0, z: 0, w: 1}
    - Id: 1_3
      Point: {x: 39.37011, y: 116.568}
      Depth: 100
      RGBA: {x: 1, y: 0, z: 0, w: 1}
    - Id: 1_4
      Point: {x: 39.360516, y: 116.567924}
      Depth: 100
      RGBA: {x: 1, y: 0, z: 0, w: 1}
    - Id: 1_5
      Point: {x: 39.350925, y: 116.56785}
      Depth: 100
      RGBA: {x: 1, y: 0, z: 0, w: 1}
    - Id: 1_6
      Point: {x: 39.34133, y: 116.56778}
      Depth: 100
      RGBA: {x: 1, y: 0, z: 0, w: 1}
    - Id: 1_7
      Point: {x: 39.33174, y: 116.56771}
      Depth: 100
      RGBA: {x: 1, y: 0, z: 0, w: 1}
    - Id: 1_8
      Point: {x: 39.322147, y: 116.567635}
      Depth: 100
      RGBA: {x: 1, y: 0, z: 0, w: 1}
    - Id: 1_9
      Point: {x: 39.312557, y: 116.56756}
      Depth: 100
      RGBA: {x: 1, y: 0, z: 0, w: 1}
    - Id: 2_0
      Point: {x: 39.398937, y: 116.58694}
      Depth: 100
      RGBA: {x: 1, y: 0, z: 0, w: 1}
    - Id: 2_1
      Point: {x: 39.389347, y: 116.58686}
      Depth: 100
      RGBA: {x: 1, y: 0, z: 0, w: 1}
    - Id: 2_2
      Point: {x: 39.379753, y: 116.58679}
      Depth: 100
      RGBA: {x: 1, y: 0, z: 0, w: 1}
    - Id: 2_3
      Point: {x: 39.370163, y: 116.58672}
      Depth: 100
      RGBA: {x: 1, y: 0, z: 0, w: 1}
    - Id: 2_4
      Point: {x: 39.36057, y: 116.58665}
      Depth: 100
      RGBA: {x: 1, y: 0, z: 0, w: 1}
    - Id: 2_5
      Point: {x: 39.35098, y: 116.58657}
      Depth: 100
      RGBA: {x: 1, y: 0, z: 0, w: 1}
    - Id: 2_6
      Point: {x: 39.341385, y: 116.5865}
      Depth: 100
      RGBA: {x: 1, y: 0, z: 0, w: 1}
    - Id: 2_7
      Point: {x: 39.331795, y: 116.58643}
      Depth: 100
      RGBA: {x: 1, y: 0, z: 0, w: 1}
    - Id: 2_8
      Point: {x: 39.3222, y: 116.58636}
      Depth: 100
      RGBA: {x: 1, y: 0, z: 0, w: 1}
    - Id: 2_9
      Point: {x: 39.31261, y: 116.58628}
      Depth: 100
      RGBA: {x: 1, y: 0, z: 0, w: 1}
    - Id: 3_0
      Point: {x: 39.39899, y: 116.60567}
      Depth: 100
      RGBA: {x: 1, y: 0, z: 0, w: 1}
    - Id: 3_1
      Point: {x: 39.3894, y: 116.6056}
      Depth: 100
      RGBA: {x: 1, y: 0, z: 0, w: 1}
    - Id: 3_2
      Point: {x: 39.379807, y: 116.60552}
      Depth: 100
      RGBA: {x: 1, y: 0, z: 0, w: 1}
    - Id: 3_3
      Point: {x: 39.370216, y: 116.605446}
      Depth: 100
      RGBA: {x: 1, y: 0, z: 0, w: 1}
    - Id: 3_4
      Point: {x: 39.360622, y: 116.60538}
      Depth: 100
      RGBA: {x: 1, y: 0, z: 0, w: 1}
    - Id: 3_5
      Point: {x: 39.351032, y: 116.60531}
      Depth: 100
      RGBA: {x: 1, y: 0, z: 0, w: 1}
    - Id: 3_6
      Point: {x: 39.34144, y: 116.60523}
      Depth: 100
      RGBA: {x: 1, y: 0, z: 0, w: 1}
    - Id: 3_7
      Point: {x: 39.33185, y: 116.605156}
      Depth: 100
      RGBA: {x: 1, y: 0, z: 0, w: 1}
    - Id: 3_8
      Point: {x: 39.322254, y: 116.60509}
      Depth: 100
      RGBA: {x: 1, y: 0, z: 0, w: 1}
    - Id: 3_9
      Point: {x: 39.312664, y: 116.60502}
      Depth: 100
      RGBA: {x: 1, y: 0, z: 0, w: 1}
    - Id: 4_0
      Point: {x: 39.399044, y: 116.62439}
      Depth: 100
      RGBA: {x: 1, y: 0, z: 0, w: 1}
    - Id: 4_1
      Point: {x: 39.389454, y: 116.62432}
      Depth: 100
      RGBA: {x: 1, y: 0, z: 0, w: 1}
    - Id: 4_2
      Point: {x: 39.37986, y: 116.624245}
      Depth: 100
      RGBA: {x: 1, y: 0, z: 0, w: 1}
    - Id: 4_3
      Point: {x: 39.37027, y: 116.62417}
      Depth: 100
      RGBA: {x: 1, y: 0, z: 0, w: 1}
    - Id: 4_4
      Point: {x: 39.360676, y: 116.6241}
      Depth: 100
      RGBA: {x: 1, y: 0, z: 0, w: 1}
    - Id: 4_5
      Point: {x: 39.351086, y: 116.62403}
      Depth: 100
      RGBA: {x: 1, y: 0, z: 0, w: 1}
    - Id: 4_6
      Point: {x: 39.34149, y: 116.623955}
      Depth: 100
      RGBA: {x: 1, y: 0, z: 0, w: 1}
    - Id: 4_7
      Point: {x: 39.3319, y: 116.62388}
      Depth: 100
      RGBA: {x: 1, y: 0, z: 0, w: 1}
    - Id: 4_8
      Point: {x: 39.322308, y: 116.62381}
      Depth: 100
      RGBA: {x: 1, y: 0, z: 0, w: 1}
    - Id: 4_9
      Point: {x: 39.312717, y: 116.62374}
      Depth: 100
      RGBA: {x: 1, y: 0, z: 0, w: 1}
    - Id: 5_0
      Point: {x: 39.399094, y: 116.64311}
      Depth: 100
      RGBA: {x: 1, y: 0, z: 0, w: 1}
    - Id: 5_1
      Point: {x: 39.389503, y: 116.64304}
      Depth: 100
      RGBA: {x: 1, y: 0, z: 0, w: 1}
    - Id: 5_2
      Point: {x: 39.37991, y: 116.64297}
      Depth: 100
      RGBA: {x: 1, y: 0, z: 0, w: 1}
    - Id: 5_3
      Point: {x: 39.37032, y: 116.64289}
      Depth: 100
      RGBA: {x: 1, y: 0, z: 0, w: 1}
    - Id: 5_4
      Point: {x: 39.360725, y: 116.64282}
      Depth: 100
      RGBA: {x: 1, y: 0, z: 0, w: 1}
    - Id: 5_5
      Point: {x: 39.351135, y: 116.64275}
      Depth: 100
      RGBA: {x: 1, y: 0, z: 0, w: 1}
    - Id: 5_6
      Point: {x: 39.34154, y: 116.64268}
      Depth: 100
      RGBA: {x: 1, y: 0, z: 0, w: 1}
    - Id: 5_7
      Point: {x: 39.33195, y: 116.6426}
      Depth: 100
      RGBA: {x: 1, y: 0, z: 0, w: 1}
    - Id: 5_8
      Point: {x: 39.322357, y: 116.64253}
      Depth: 100
      RGBA: {x: 1, y: 0, z: 0, w: 1}
    - Id: 5_9
      Point: {x: 39.312767, y: 116.64246}
      Depth: 100
      RGBA: {x: 1, y: 0, z: 0, w: 1}
    - Id: 6_0
      Point: {x: 39.399147, y: 116.661835}
      Depth: 100
      RGBA: {x: 1, y: 0, z: 0, w: 1}
    - Id: 6_1
      Point: {x: 39.389557, y: 116.661766}
      Depth: 100
      RGBA: {x: 1, y: 0, z: 0, w: 1}
    - Id: 6_2
      Point: {x: 39.379963, y: 116.66169}
      Depth: 100
      RGBA: {x: 1, y: 0, z: 0, w: 1}
    - Id: 6_3
      Point: {x: 39.370373, y: 116.66161}
      Depth: 100
      RGBA: {x: 1, y: 0, z: 0, w: 1}
    - Id: 6_4
      Point: {x: 39.36078, y: 116.661545}
      Depth: 100
      RGBA: {x: 1, y: 0, z: 0, w: 1}
    - Id: 6_5
      Point: {x: 39.35119, y: 116.661476}
      Depth: 100
      RGBA: {x: 1, y: 0, z: 0, w: 1}
    - Id: 6_6
      Point: {x: 39.341595, y: 116.6614}
      Depth: 100
      RGBA: {x: 1, y: 0, z: 0, w: 1}
    - Id: 6_7
      Point: {x: 39.332005, y: 116.66132}
      Depth: 100
      RGBA: {x: 1, y: 0, z: 0, w: 1}
    - Id: 6_8
      Point: {x: 39.32241, y: 116.661255}
      Depth: 100
      RGBA: {x: 1, y: 0, z: 0, w: 1}
    - Id: 6_9
      Point: {x: 39.31282, y: 116.66119}
      Depth: 100
      RGBA: {x: 1, y: 0, z: 0, w: 1}
    - Id: 7_0
      Point: {x: 39.3992, y: 116.68056}
      Depth: 100
      RGBA: {x: 1, y: 0, z: 0, w: 1}
    - Id: 7_1
      Point: {x: 39.38961, y: 116.68049}
      Depth: 100
      RGBA: {x: 1, y: 0, z: 0, w: 1}
    - Id: 7_2
      Point: {x: 39.380016, y: 116.68041}
      Depth: 100
      RGBA: {x: 1, y: 0, z: 0, w: 1}
    - Id: 7_3
      Point: {x: 39.370426, y: 116.680336}
      Depth: 100
      RGBA: {x: 1, y: 0, z: 0, w: 1}
    - Id: 7_4
      Point: {x: 39.360832, y: 116.68027}
      Depth: 100
      RGBA: {x: 1, y: 0, z: 0, w: 1}
    - Id: 7_5
      Point: {x: 39.351242, y: 116.6802}
      Depth: 100
      RGBA: {x: 1, y: 0, z: 0, w: 1}
    - Id: 7_6
      Point: {x: 39.34165, y: 116.68012}
      Depth: 100
      RGBA: {x: 1, y: 0, z: 0, w: 1}
    - Id: 7_7
      Point: {x: 39.332058, y: 116.680046}
      Depth: 100
      RGBA: {x: 1, y: 0, z: 0, w: 1}
    - Id: 7_8
      Point: {x: 39.322464, y: 116.67998}
      Depth: 100
      RGBA: {x: 1, y: 0, z: 0, w: 1}
    - Id: 7_9
      Point: {x: 39.312874, y: 116.67991}
      Depth: 100
      RGBA: {x: 1, y: 0, z: 0, w: 1}
    - Id: 8_0
      Point: {x: 39.399254, y: 116.69929}
      Depth: 100
      RGBA: {x: 1, y: 0, z: 0, w: 1}
    - Id: 8_1
      Point: {x: 39.389664, y: 116.69921}
      Depth: 100
      RGBA: {x: 1, y: 0, z: 0, w: 1}
    - Id: 8_2
      Point: {x: 39.38007, y: 116.69914}
      Depth: 100
      RGBA: {x: 1, y: 0, z: 0, w: 1}
    - Id: 8_3
      Point: {x: 39.37048, y: 116.69907}
      Depth: 100
      RGBA: {x: 1, y: 0, z: 0, w: 1}
    - Id: 8_4
      Point: {x: 39.360886, y: 116.699}
      Depth: 100
      RGBA: {x: 1, y: 0, z: 0, w: 1}
    - Id: 8_5
      Point: {x: 39.351295, y: 116.69892}
      Depth: 100
      RGBA: {x: 1, y: 0, z: 0, w: 1}
    - Id: 8_6
      Point: {x: 39.3417, y: 116.69885}
      Depth: 100
      RGBA: {x: 1, y: 0, z: 0, w: 1}
    - Id: 8_7
      Point: {x: 39.33211, y: 116.698784}
      Depth: 100
      RGBA: {x: 1, y: 0, z: 0, w: 1}
    - Id: 8_8
      Point: {x: 39.322517, y: 116.69871}
      Depth: 100
      RGBA: {x: 1, y: 0, z: 0, w: 1}
    - Id: 8_9
      Point: {x: 39.312927, y: 116.69863}
      Depth: 100
      RGBA: {x: 1, y: 0, z: 0, w: 1}
    - Id: 9_0
      Point: {x: 39.399307, y: 116.71801}
      Depth: 100
      RGBA: {x: 1, y: 0, z: 0, w: 1}
    - Id: 9_1
      Point: {x: 39.389717, y: 116.71793}
      Depth: 100
      RGBA: {x: 1, y: 0, z: 0, w: 1}
    - Id: 9_2
      Point: {x: 39.380123, y: 116.717865}
      Depth: 100
      RGBA: {x: 1, y: 0, z: 0, w: 1}
    - Id: 9_3
      Point: {x: 39.370533, y: 116.7178}
      Depth: 100
      RGBA: {x: 1, y: 0, z: 0, w: 1}
    - Id: 9_4
      Point: {x: 39.36094, y: 116.71772}
      Depth: 100
      RGBA: {x: 1, y: 0, z: 0, w: 1}
    - Id: 9_5
      Point: {x: 39.35135, y: 116.71764}
      Depth: 100
      RGBA: {x: 1, y: 0, z: 0, w: 1}
    - Id: 9_6
      Point: {x: 39.341755, y: 116.717575}
      Depth: 100
      RGBA: {x: 1, y: 0, z: 0, w: 1}
    - Id: 9_7
      Point: {x: 39.332165, y: 116.71751}
      Depth: 100
      RGBA: {x: 1, y: 0, z: 0, w: 1}
    - Id: 9_8
      Point: {x: 39.32257, y: 116.71743}
      Depth: 100
      RGBA: {x: 1, y: 0, z: 0, w: 1}
    - Id: 9_9
      Point: {x: 39.31298, y: 116.717354}
      Depth: 100
      RGBA: {x: 1, y: 0, z: 0, w: 1}
  ExplorationPointGameObjects: []
  ExplorationPointScale: 50.2
--- !u!114 &1553488025
MonoBehaviour:
  m_ObjectHideFlags: 0
  m_CorrespondingSourceObject: {fileID: 0}
  m_PrefabInstance: {fileID: 0}
  m_PrefabAsset: {fileID: 0}
  m_GameObject: {fileID: 1553488019}
  m_Enabled: 1
  m_EditorHideFlags: 0
  m_Script: {fileID: 11500000, guid: 1c6b1b38252c2694183ec43ccd986e21, type: 3}
  m_Name: 
  m_EditorClassIdentifier: 
  QuakePoints:
    BottomRightLatLon: {x: 39.30826, y: 116.74541}
    TopLeftLatLon: {x: 39.403652, y: 116.55889}
    Points:
    - Id: 0_0
      Point: {x: 39.39883, y: 116.54949}
    - Id: 0_1
      Point: {x: 39.38924, y: 116.549416}
    - Id: 0_2
      Point: {x: 39.379646, y: 116.54935}
    - Id: 0_3
      Point: {x: 39.370056, y: 116.54928}
    - Id: 0_4
      Point: {x: 39.360462, y: 116.5492}
    - Id: 0_5
      Point: {x: 39.350872, y: 116.549126}
    - Id: 0_6
      Point: {x: 39.341278, y: 116.54906}
    - Id: 0_7
      Point: {x: 39.331688, y: 116.54899}
    - Id: 0_8
      Point: {x: 39.322094, y: 116.54891}
    - Id: 0_9
      Point: {x: 39.312504, y: 116.548836}
    - Id: 1_0
      Point: {x: 39.398884, y: 116.568214}
    - Id: 1_1
      Point: {x: 39.389294, y: 116.56814}
    - Id: 1_2
      Point: {x: 39.3797, y: 116.56807}
    - Id: 1_3
      Point: {x: 39.37011, y: 116.568}
    - Id: 1_4
      Point: {x: 39.360516, y: 116.567924}
    - Id: 1_5
      Point: {x: 39.350925, y: 116.56785}
    - Id: 1_6
      Point: {x: 39.34133, y: 116.56778}
    - Id: 1_7
      Point: {x: 39.33174, y: 116.56771}
    - Id: 1_8
      Point: {x: 39.322147, y: 116.567635}
    - Id: 1_9
      Point: {x: 39.312557, y: 116.56756}
    - Id: 2_0
      Point: {x: 39.398937, y: 116.58694}
    - Id: 2_1
      Point: {x: 39.389347, y: 116.58686}
    - Id: 2_2
      Point: {x: 39.379753, y: 116.58679}
    - Id: 2_3
      Point: {x: 39.370163, y: 116.58672}
    - Id: 2_4
      Point: {x: 39.36057, y: 116.58665}
    - Id: 2_5
      Point: {x: 39.35098, y: 116.58657}
    - Id: 2_6
      Point: {x: 39.341385, y: 116.5865}
    - Id: 2_7
      Point: {x: 39.331795, y: 116.58643}
    - Id: 2_8
      Point: {x: 39.3222, y: 116.58636}
    - Id: 2_9
      Point: {x: 39.31261, y: 116.58628}
    - Id: 3_0
      Point: {x: 39.39899, y: 116.60567}
    - Id: 3_1
      Point: {x: 39.3894, y: 116.6056}
    - Id: 3_2
      Point: {x: 39.379807, y: 116.60552}
    - Id: 3_3
      Point: {x: 39.370216, y: 116.605446}
    - Id: 3_4
      Point: {x: 39.360622, y: 116.60538}
    - Id: 3_5
      Point: {x: 39.351032, y: 116.60531}
    - Id: 3_6
      Point: {x: 39.34144, y: 116.60523}
    - Id: 3_7
      Point: {x: 39.33185, y: 116.605156}
    - Id: 3_8
      Point: {x: 39.322254, y: 116.60509}
    - Id: 3_9
      Point: {x: 39.312664, y: 116.60502}
    - Id: 4_0
      Point: {x: 39.399044, y: 116.62439}
    - Id: 4_1
      Point: {x: 39.389454, y: 116.62432}
    - Id: 4_2
      Point: {x: 39.37986, y: 116.624245}
    - Id: 4_3
      Point: {x: 39.37027, y: 116.62417}
    - Id: 4_4
      Point: {x: 39.360676, y: 116.6241}
    - Id: 4_5
      Point: {x: 39.351086, y: 116.62403}
    - Id: 4_6
      Point: {x: 39.34149, y: 116.623955}
    - Id: 4_7
      Point: {x: 39.3319, y: 116.62388}
    - Id: 4_8
      Point: {x: 39.322308, y: 116.62381}
    - Id: 4_9
      Point: {x: 39.312717, y: 116.62374}
    - Id: 5_0
      Point: {x: 39.399094, y: 116.64311}
    - Id: 5_1
      Point: {x: 39.389503, y: 116.64304}
    - Id: 5_2
      Point: {x: 39.37991, y: 116.64297}
    - Id: 5_3
      Point: {x: 39.37032, y: 116.64289}
    - Id: 5_4
      Point: {x: 39.360725, y: 116.64282}
    - Id: 5_5
      Point: {x: 39.351135, y: 116.64275}
    - Id: 5_6
      Point: {x: 39.34154, y: 116.64268}
    - Id: 5_7
      Point: {x: 39.33195, y: 116.6426}
    - Id: 5_8
      Point: {x: 39.322357, y: 116.64253}
    - Id: 5_9
      Point: {x: 39.312767, y: 116.64246}
    - Id: 6_0
      Point: {x: 39.399147, y: 116.661835}
    - Id: 6_1
      Point: {x: 39.389557, y: 116.661766}
    - Id: 6_2
      Point: {x: 39.379963, y: 116.66169}
    - Id: 6_3
      Point: {x: 39.370373, y: 116.66161}
    - Id: 6_4
      Point: {x: 39.36078, y: 116.661545}
    - Id: 6_5
      Point: {x: 39.35119, y: 116.661476}
    - Id: 6_6
      Point: {x: 39.341595, y: 116.6614}
    - Id: 6_7
      Point: {x: 39.332005, y: 116.66132}
    - Id: 6_8
      Point: {x: 39.32241, y: 116.661255}
    - Id: 6_9
      Point: {x: 39.31282, y: 116.66119}
    - Id: 7_0
      Point: {x: 39.3992, y: 116.68056}
    - Id: 7_1
      Point: {x: 39.38961, y: 116.68049}
    - Id: 7_2
      Point: {x: 39.380016, y: 116.68041}
    - Id: 7_3
      Point: {x: 39.370426, y: 116.680336}
    - Id: 7_4
      Point: {x: 39.360832, y: 116.68027}
    - Id: 7_5
      Point: {x: 39.351242, y: 116.6802}
    - Id: 7_6
      Point: {x: 39.34165, y: 116.68012}
    - Id: 7_7
      Point: {x: 39.332058, y: 116.680046}
    - Id: 7_8
      Point: {x: 39.322464, y: 116.67998}
    - Id: 7_9
      Point: {x: 39.312874, y: 116.67991}
    - Id: 8_0
      Point: {x: 39.399254, y: 116.69929}
    - Id: 8_1
      Point: {x: 39.389664, y: 116.69921}
    - Id: 8_2
      Point: {x: 39.38007, y: 116.69914}
    - Id: 8_3
      Point: {x: 39.37048, y: 116.69907}
    - Id: 8_4
      Point: {x: 39.360886, y: 116.699}
    - Id: 8_5
      Point: {x: 39.351295, y: 116.69892}
    - Id: 8_6
      Point: {x: 39.3417, y: 116.69885}
    - Id: 8_7
      Point: {x: 39.33211, y: 116.698784}
    - Id: 8_8
      Point: {x: 39.322517, y: 116.69871}
    - Id: 8_9
      Point: {x: 39.312927, y: 116.69863}
    - Id: 9_0
      Point: {x: 39.399307, y: 116.71801}
    - Id: 9_1
      Point: {x: 39.389717, y: 116.71793}
    - Id: 9_2
      Point: {x: 39.380123, y: 116.717865}
    - Id: 9_3
      Point: {x: 39.370533, y: 116.7178}
    - Id: 9_4
      Point: {x: 39.36094, y: 116.71772}
    - Id: 9_5
      Point: {x: 39.35135, y: 116.71764}
    - Id: 9_6
      Point: {x: 39.341755, y: 116.717575}
    - Id: 9_7
      Point: {x: 39.332165, y: 116.71751}
    - Id: 9_8
      Point: {x: 39.32257, y: 116.71743}
    - Id: 9_9
      Point: {x: 39.31298, y: 116.717354}
  QuakePointGameObjects: []
  ParticlePrefab: {fileID: 1253902459372494142, guid: c8bb15a4f1eeed346a9f2af87da1abce, type: 3}
--- !u!114 &1553488026
MonoBehaviour:
  m_ObjectHideFlags: 0
  m_CorrespondingSourceObject: {fileID: 0}
  m_PrefabInstance: {fileID: 0}
  m_PrefabAsset: {fileID: 0}
  m_GameObject: {fileID: 1553488019}
  m_Enabled: 1
  m_EditorHideFlags: 0
  m_Script: {fileID: 11500000, guid: 71a422ab2cd25774984b21fc51d184a4, type: 3}
  m_Name: 
  m_EditorClassIdentifier: 
  quakeLines:
    BottomRightLatLon: {x: 39.30826, y: 116.74541}
    TopLeftLatLon: {x: 39.403652, y: 116.55889}
    Lines:
    - Id: 0
      Speed: 500
      Sample: 10
      Points:
      - {x: 39.39883, y: 116.54949}
      - {x: 39.38924, y: 116.549416}
      - {x: 39.379646, y: 116.54935}
      - {x: 39.370056, y: 116.54928}
      - {x: 39.360462, y: 116.5492}
      - {x: 39.350872, y: 116.549126}
      - {x: 39.341278, y: 116.54906}
      - {x: 39.331688, y: 116.54899}
      - {x: 39.322094, y: 116.54891}
      - {x: 39.312504, y: 116.548836}
      - {x: 39.398884, y: 116.568214}
      - {x: 39.389294, y: 116.56814}
      - {x: 39.3797, y: 116.56807}
      - {x: 39.37011, y: 116.568}
      - {x: 39.360516, y: 116.567924}
      - {x: 39.350925, y: 116.56785}
      - {x: 39.34133, y: 116.56778}
      - {x: 39.33174, y: 116.56771}
      - {x: 39.322147, y: 116.567635}
      - {x: 39.312557, y: 116.56756}
      - {x: 39.398937, y: 116.58694}
      - {x: 39.389347, y: 116.58686}
      - {x: 39.379753, y: 116.58679}
      - {x: 39.370163, y: 116.58672}
      - {x: 39.36057, y: 116.58665}
      - {x: 39.35098, y: 116.58657}
      - {x: 39.341385, y: 116.5865}
      - {x: 39.331795, y: 116.58643}
      - {x: 39.3222, y: 116.58636}
      - {x: 39.31261, y: 116.58628}
      - {x: 39.39899, y: 116.60567}
      - {x: 39.3894, y: 116.6056}
      - {x: 39.379807, y: 116.60552}
      - {x: 39.370216, y: 116.605446}
      - {x: 39.360622, y: 116.60538}
      - {x: 39.351032, y: 116.60531}
      - {x: 39.34144, y: 116.60523}
      - {x: 39.33185, y: 116.605156}
      - {x: 39.322254, y: 116.60509}
      - {x: 39.312664, y: 116.60502}
      - {x: 39.399044, y: 116.62439}
      - {x: 39.389454, y: 116.62432}
      - {x: 39.37986, y: 116.624245}
      - {x: 39.37027, y: 116.62417}
      - {x: 39.360676, y: 116.6241}
      - {x: 39.351086, y: 116.62403}
      - {x: 39.34149, y: 116.623955}
      - {x: 39.3319, y: 116.62388}
      - {x: 39.322308, y: 116.62381}
      - {x: 39.312717, y: 116.62374}
      - {x: 39.399094, y: 116.64311}
      - {x: 39.389503, y: 116.64304}
      - {x: 39.37991, y: 116.64297}
      - {x: 39.37032, y: 116.64289}
      - {x: 39.360725, y: 116.64282}
      - {x: 39.351135, y: 116.64275}
      - {x: 39.34154, y: 116.64268}
      - {x: 39.33195, y: 116.6426}
      - {x: 39.322357, y: 116.64253}
      - {x: 39.312767, y: 116.64246}
      - {x: 39.399147, y: 116.661835}
      - {x: 39.389557, y: 116.661766}
      - {x: 39.379963, y: 116.66169}
      - {x: 39.370373, y: 116.66161}
      - {x: 39.36078, y: 116.661545}
      - {x: 39.35119, y: 116.661476}
      - {x: 39.341595, y: 116.6614}
      - {x: 39.332005, y: 116.66132}
      - {x: 39.32241, y: 116.661255}
      - {x: 39.31282, y: 116.66119}
      - {x: 39.3992, y: 116.68056}
      - {x: 39.38961, y: 116.68049}
      - {x: 39.380016, y: 116.68041}
      - {x: 39.370426, y: 116.680336}
      - {x: 39.360832, y: 116.68027}
      - {x: 39.351242, y: 116.6802}
      - {x: 39.34165, y: 116.68012}
      - {x: 39.332058, y: 116.680046}
      - {x: 39.322464, y: 116.67998}
      - {x: 39.312874, y: 116.67991}
      - {x: 39.399254, y: 116.69929}
      - {x: 39.389664, y: 116.69921}
      - {x: 39.38007, y: 116.69914}
      - {x: 39.37048, y: 116.69907}
      - {x: 39.360886, y: 116.699}
      - {x: 39.351295, y: 116.69892}
      - {x: 39.3417, y: 116.69885}
      - {x: 39.33211, y: 116.698784}
      - {x: 39.322517, y: 116.69871}
      - {x: 39.312927, y: 116.69863}
      - {x: 39.399307, y: 116.71801}
      - {x: 39.389717, y: 116.71793}
      - {x: 39.380123, y: 116.717865}
      - {x: 39.370533, y: 116.7178}
      - {x: 39.36094, y: 116.71772}
      - {x: 39.35135, y: 116.71764}
      - {x: 39.341755, y: 116.717575}
      - {x: 39.332165, y: 116.71751}
      - {x: 39.32257, y: 116.71743}
      - {x: 39.31298, y: 116.717354}
  QuakeLineGameObjects: []
  QuakeLineCardPrefab: {fileID: 5656345465811280173, guid: 392516be712a8a749ae4cce531421606, type: 3}
--- !u!114 &1553488027
MonoBehaviour:
  m_ObjectHideFlags: 0
  m_CorrespondingSourceObject: {fileID: 0}
  m_PrefabInstance: {fileID: 0}
  m_PrefabAsset: {fileID: 0}
  m_GameObject: {fileID: 1553488019}
  m_Enabled: 1
  m_EditorHideFlags: 0
  m_Script: {fileID: 11500000, guid: 9bf9d8838f64b2b4f9754b37160cfd00, type: 3}
  m_Name: 
  m_EditorClassIdentifier: 
  QuakeSimulationPoints:
    BottomRightLatLon: {x: 39.30826, y: 116.74541}
    TopLeftLatLon: {x: 39.403652, y: 116.55889}
    Lines:
    - LineId: 0
      Points:
      - Id: 0_0
        Point: {x: 39.39883, y: 116.54949}
      - Id: 0_1
        Point: {x: 39.38924, y: 116.549416}
      - Id: 0_2
        Point: {x: 39.379646, y: 116.54935}
      - Id: 0_3
        Point: {x: 39.370056, y: 116.54928}
      - Id: 0_4
        Point: {x: 39.360462, y: 116.5492}
      - Id: 0_5
        Point: {x: 39.350872, y: 116.549126}
      - Id: 0_6
        Point: {x: 39.341278, y: 116.54906}
      - Id: 0_7
        Point: {x: 39.331688, y: 116.54899}
      - Id: 0_8
        Point: {x: 39.322094, y: 116.54891}
      - Id: 0_9
        Point: {x: 39.312504, y: 116.548836}
    - LineId: 1
      Points:
      - Id: 1_0
        Point: {x: 39.398884, y: 116.568214}
      - Id: 1_1
        Point: {x: 39.389294, y: 116.56814}
      - Id: 1_2
        Point: {x: 39.3797, y: 116.56807}
      - Id: 1_3
        Point: {x: 39.37011, y: 116.568}
      - Id: 1_4
        Point: {x: 39.360516, y: 116.567924}
      - Id: 1_5
        Point: {x: 39.350925, y: 116.56785}
      - Id: 1_6
        Point: {x: 39.34133, y: 116.56778}
      - Id: 1_7
        Point: {x: 39.33174, y: 116.56771}
      - Id: 1_8
        Point: {x: 39.322147, y: 116.567635}
      - Id: 1_9
        Point: {x: 39.312557, y: 116.56756}
    - LineId: 2
      Points:
      - Id: 2_0
        Point: {x: 39.398937, y: 116.58694}
      - Id: 2_1
        Point: {x: 39.389347, y: 116.58686}
      - Id: 2_2
        Point: {x: 39.379753, y: 116.58679}
      - Id: 2_3
        Point: {x: 39.370163, y: 116.58672}
      - Id: 2_4
        Point: {x: 39.36057, y: 116.58665}
      - Id: 2_5
        Point: {x: 39.35098, y: 116.58657}
      - Id: 2_6
        Point: {x: 39.341385, y: 116.5865}
      - Id: 2_7
        Point: {x: 39.331795, y: 116.58643}
      - Id: 2_8
        Point: {x: 39.3222, y: 116.58636}
      - Id: 2_9
        Point: {x: 39.31261, y: 116.58628}
    - LineId: 3
      Points:
      - Id: 3_0
        Point: {x: 39.39899, y: 116.60567}
      - Id: 3_1
        Point: {x: 39.3894, y: 116.6056}
      - Id: 3_2
        Point: {x: 39.379807, y: 116.60552}
      - Id: 3_3
        Point: {x: 39.370216, y: 116.605446}
      - Id: 3_4
        Point: {x: 39.360622, y: 116.60538}
      - Id: 3_5
        Point: {x: 39.351032, y: 116.60531}
      - Id: 3_6
        Point: {x: 39.34144, y: 116.60523}
      - Id: 3_7
        Point: {x: 39.33185, y: 116.605156}
      - Id: 3_8
        Point: {x: 39.322254, y: 116.60509}
      - Id: 3_9
        Point: {x: 39.312664, y: 116.60502}
    - LineId: 4
      Points:
      - Id: 4_0
        Point: {x: 39.399044, y: 116.62439}
      - Id: 4_1
        Point: {x: 39.389454, y: 116.62432}
      - Id: 4_2
        Point: {x: 39.37986, y: 116.624245}
      - Id: 4_3
        Point: {x: 39.37027, y: 116.62417}
      - Id: 4_4
        Point: {x: 39.360676, y: 116.6241}
      - Id: 4_5
        Point: {x: 39.351086, y: 116.62403}
      - Id: 4_6
        Point: {x: 39.34149, y: 116.623955}
      - Id: 4_7
        Point: {x: 39.3319, y: 116.62388}
      - Id: 4_8
        Point: {x: 39.322308, y: 116.62381}
      - Id: 4_9
        Point: {x: 39.312717, y: 116.62374}
    - LineId: 5
      Points:
      - Id: 5_0
        Point: {x: 39.399094, y: 116.64311}
      - Id: 5_1
        Point: {x: 39.389503, y: 116.64304}
      - Id: 5_2
        Point: {x: 39.37991, y: 116.64297}
      - Id: 5_3
        Point: {x: 39.37032, y: 116.64289}
      - Id: 5_4
        Point: {x: 39.360725, y: 116.64282}
      - Id: 5_5
        Point: {x: 39.351135, y: 116.64275}
      - Id: 5_6
        Point: {x: 39.34154, y: 116.64268}
      - Id: 5_7
        Point: {x: 39.33195, y: 116.6426}
      - Id: 5_8
        Point: {x: 39.322357, y: 116.64253}
      - Id: 5_9
        Point: {x: 39.312767, y: 116.64246}
    - LineId: 6
      Points:
      - Id: 6_0
        Point: {x: 39.399147, y: 116.661835}
      - Id: 6_1
        Point: {x: 39.389557, y: 116.661766}
      - Id: 6_2
        Point: {x: 39.379963, y: 116.66169}
      - Id: 6_3
        Point: {x: 39.370373, y: 116.66161}
      - Id: 6_4
        Point: {x: 39.36078, y: 116.661545}
      - Id: 6_5
        Point: {x: 39.35119, y: 116.661476}
      - Id: 6_6
        Point: {x: 39.341595, y: 116.6614}
      - Id: 6_7
        Point: {x: 39.332005, y: 116.66132}
      - Id: 6_8
        Point: {x: 39.32241, y: 116.661255}
      - Id: 6_9
        Point: {x: 39.31282, y: 116.66119}
    - LineId: 7
      Points:
      - Id: 7_0
        Point: {x: 39.3992, y: 116.68056}
      - Id: 7_1
        Point: {x: 39.38961, y: 116.68049}
      - Id: 7_2
        Point: {x: 39.380016, y: 116.68041}
      - Id: 7_3
        Point: {x: 39.370426, y: 116.680336}
      - Id: 7_4
        Point: {x: 39.360832, y: 116.68027}
      - Id: 7_5
        Point: {x: 39.351242, y: 116.6802}
      - Id: 7_6
        Point: {x: 39.34165, y: 116.68012}
      - Id: 7_7
        Point: {x: 39.332058, y: 116.680046}
      - Id: 7_8
        Point: {x: 39.322464, y: 116.67998}
      - Id: 7_9
        Point: {x: 39.312874, y: 116.67991}
    - LineId: 8
      Points:
      - Id: 8_0
        Point: {x: 39.399254, y: 116.69929}
      - Id: 8_1
        Point: {x: 39.389664, y: 116.69921}
      - Id: 8_2
        Point: {x: 39.38007, y: 116.69914}
      - Id: 8_3
        Point: {x: 39.37048, y: 116.69907}
      - Id: 8_4
        Point: {x: 39.360886, y: 116.699}
      - Id: 8_5
        Point: {x: 39.351295, y: 116.69892}
      - Id: 8_6
        Point: {x: 39.3417, y: 116.69885}
      - Id: 8_7
        Point: {x: 39.33211, y: 116.698784}
      - Id: 8_8
        Point: {x: 39.322517, y: 116.69871}
      - Id: 8_9
        Point: {x: 39.312927, y: 116.69863}
    - LineId: 9
      Points:
      - Id: 9_0
        Point: {x: 39.399307, y: 116.71801}
      - Id: 9_1
        Point: {x: 39.389717, y: 116.71793}
      - Id: 9_2
        Point: {x: 39.380123, y: 116.717865}
      - Id: 9_3
        Point: {x: 39.370533, y: 116.7178}
      - Id: 9_4
        Point: {x: 39.36094, y: 116.71772}
      - Id: 9_5
        Point: {x: 39.35135, y: 116.71764}
      - Id: 9_6
        Point: {x: 39.341755, y: 116.717575}
      - Id: 9_7
        Point: {x: 39.332165, y: 116.71751}
      - Id: 9_8
        Point: {x: 39.32257, y: 116.71743}
      - Id: 9_9
        Point: {x: 39.31298, y: 116.717354}
  QuakeSimulationPointGameObjectLines: []
  ParticlePrefab: {fileID: 967462276666483958, guid: ae28aff61edac2843a0263d3af054400, type: 3}
--- !u!1 &1885623377
GameObject:
  m_ObjectHideFlags: 0
  m_CorrespondingSourceObject: {fileID: 0}
  m_PrefabInstance: {fileID: 0}
  m_PrefabAsset: {fileID: 0}
  serializedVersion: 6
  m_Component:
  - component: {fileID: 1885623379}
  - component: {fileID: 1885623378}
  m_Layer: 0
  m_Name: MicroLightPlayAera
  m_TagString: Untagged
  m_Icon: {fileID: 0}
  m_NavMeshLayer: 0
  m_StaticEditorFlags: 0
  m_IsActive: 1
--- !u!114 &1885623378
MonoBehaviour:
  m_ObjectHideFlags: 0
  m_CorrespondingSourceObject: {fileID: 0}
  m_PrefabInstance: {fileID: 0}
  m_PrefabAsset: {fileID: 0}
  m_GameObject: {fileID: 1885623377}
  m_Enabled: 1
  m_EditorHideFlags: 0
  m_Script: {fileID: 11500000, guid: 06c622e6b068a174c86cd767912d5765, type: 3}
  m_Name: 
  m_EditorClassIdentifier: 
  id: 0
--- !u!4 &1885623379
Transform:
  m_ObjectHideFlags: 0
  m_CorrespondingSourceObject: {fileID: 0}
  m_PrefabInstance: {fileID: 0}
  m_PrefabAsset: {fileID: 0}
  m_GameObject: {fileID: 1885623377}
  m_LocalRotation: {x: 0, y: 0, z: 0, w: 1}
  m_LocalPosition: {x: 0, y: 0, z: 0}
  m_LocalScale: {x: 1.78, y: 1, z: 1}
  m_ConstrainProportionsScale: 0
  m_Children: []
  m_Father: {fileID: 1043617437}
  m_RootOrder: 1
  m_LocalEulerAnglesHint: {x: 0, y: 0, z: 0}
--- !u!1 &2054669563
GameObject:
  m_ObjectHideFlags: 0
  m_CorrespondingSourceObject: {fileID: 0}
  m_PrefabInstance: {fileID: 0}
  m_PrefabAsset: {fileID: 0}
  serializedVersion: 6
  m_Component:
  - component: {fileID: 2054669565}
  - component: {fileID: 2054669564}
  m_Layer: 0
  m_Name: TerrainGroup_0
  m_TagString: Untagged
  m_Icon: {fileID: 0}
  m_NavMeshLayer: 0
  m_StaticEditorFlags: 0
  m_IsActive: 1
--- !u!114 &2054669564
MonoBehaviour:
  m_ObjectHideFlags: 0
  m_CorrespondingSourceObject: {fileID: 0}
  m_PrefabInstance: {fileID: 0}
  m_PrefabAsset: {fileID: 0}
  m_GameObject: {fileID: 2054669563}
  m_Enabled: 1
  m_EditorHideFlags: 0
  m_Script: {fileID: 11500000, guid: 0ca34a6148db2d54493f84f379293f33, type: 3}
  m_Name: 
  m_EditorClassIdentifier: 
  GroupID: 0
--- !u!4 &2054669565
Transform:
  m_ObjectHideFlags: 0
  m_CorrespondingSourceObject: {fileID: 0}
  m_PrefabInstance: {fileID: 0}
  m_PrefabAsset: {fileID: 0}
  m_GameObject: {fileID: 2054669563}
  m_LocalRotation: {x: 0, y: 0, z: 0, w: 1}
  m_LocalPosition: {x: 0, y: 0, z: -837}
  m_LocalScale: {x: 1, y: 1, z: 1}
  m_ConstrainProportionsScale: 0
  m_Children:
  - {fileID: 1553488020}
  m_Father: {fileID: 0}
  m_RootOrder: 5
  m_LocalEulerAnglesHint: {x: 0, y: 0, z: 0}
--- !u!1 &2063583548
GameObject:
  m_ObjectHideFlags: 0
  m_CorrespondingSourceObject: {fileID: 0}
  m_PrefabInstance: {fileID: 0}
  m_PrefabAsset: {fileID: 0}
  serializedVersion: 6
  m_Component:
  - component: {fileID: 2063583549}
  - component: {fileID: 2063583550}
  - component: {fileID: 2063583553}
  - component: {fileID: 2063583552}
  - component: {fileID: 2063583551}
  m_Layer: 0
  m_Name: MicroLightTouchpad0
  m_TagString: Untagged
  m_Icon: {fileID: 0}
  m_NavMeshLayer: 0
  m_StaticEditorFlags: 0
  m_IsActive: 0
--- !u!4 &2063583549
Transform:
  m_ObjectHideFlags: 0
  m_CorrespondingSourceObject: {fileID: 0}
  m_PrefabInstance: {fileID: 0}
  m_PrefabAsset: {fileID: 0}
  m_GameObject: {fileID: 2063583548}
  m_LocalRotation: {x: 0, y: 0, z: 0, w: 1}
  m_LocalPosition: {x: 0, y: 0, z: 0}
  m_LocalScale: {x: 1, y: 1, z: 1}
  m_ConstrainProportionsScale: 0
  m_Children: []
  m_Father: {fileID: 1043617437}
  m_RootOrder: 0
  m_LocalEulerAnglesHint: {x: 0, y: 0, z: 0}
--- !u!114 &2063583550
MonoBehaviour:
  m_ObjectHideFlags: 0
  m_CorrespondingSourceObject: {fileID: 0}
  m_PrefabInstance: {fileID: 0}
  m_PrefabAsset: {fileID: 0}
  m_GameObject: {fileID: 2063583548}
  m_Enabled: 1
  m_EditorHideFlags: 0
  m_Script: {fileID: 11500000, guid: f157748b0c39d6040ab158004c813973, type: 3}
  m_Name: 
  m_EditorClassIdentifier: 
  id: 2
  UpdatePosition: 1
  UpdateRotation: 0
  serialnumber: 
  Active: 0
  BackIsDown: 0
  MenuIsDown: 0
  IndexTriggerUpIsDown: 0
  IndexTriggerDownIsDown: 0
  ThumbstickUpIsDown: 0
  ThumbstickDownIsDown: 0
  ThumbstickLeftIsDown: 0
  ThumbstickRightIsDown: 0
  EnButton: 1
  EnAxis: 1
  EditorShowDebug: 1
  ThumbstickAxis: {x: 0, y: 0}
  BackDown:
    m_PersistentCalls:
      m_Calls: []
  BackPressed:
    m_PersistentCalls:
      m_Calls: []
  BackUp:
    m_PersistentCalls:
      m_Calls: []
  MenuDown:
    m_PersistentCalls:
      m_Calls: []
  MenuPressed:
    m_PersistentCalls:
      m_Calls: []
  MenuUp:
    m_PersistentCalls:
      m_Calls: []
  IndexTriggerUpDown:
    m_PersistentCalls:
      m_Calls: []
  IndexTriggerUpPressed:
    m_PersistentCalls:
      m_Calls: []
  IndexTriggerUpUp:
    m_PersistentCalls:
      m_Calls: []
  IndexTriggerDownDown:
    m_PersistentCalls:
      m_Calls: []
  IndexTriggerDownPressed:
    m_PersistentCalls:
      m_Calls: []
  IndexTriggerDownUp:
    m_PersistentCalls:
      m_Calls: []
  ThumbstickUpDown:
    m_PersistentCalls:
      m_Calls: []
  ThumbstickUpPressed:
    m_PersistentCalls:
      m_Calls: []
  ThumbstickUpUp:
    m_PersistentCalls:
      m_Calls: []
  ThumbstickDownDown:
    m_PersistentCalls:
      m_Calls: []
  ThumbstickDownPressed:
    m_PersistentCalls:
      m_Calls: []
  ThumbstickDownUp:
    m_PersistentCalls:
      m_Calls: []
  ThumbstickLeftDown:
    m_PersistentCalls:
      m_Calls: []
  ThumbstickLeftPressed:
    m_PersistentCalls:
      m_Calls: []
  ThumbstickLeftUp:
    m_PersistentCalls:
      m_Calls: []
  ThumbstickRightDown:
    m_PersistentCalls:
      m_Calls: []
  ThumbstickRightPressed:
    m_PersistentCalls:
      m_Calls: []
  ThumbstickRightUp:
    m_PersistentCalls:
      m_Calls: []
  IndexTriggerAxisChanged:
    m_PersistentCalls:
      m_Calls: []
  ThumbstickAxisChanged:
    m_PersistentCalls:
      m_Calls: []
  IndexTriggerAxis: 0
--- !u!114 &2063583551
MonoBehaviour:
  m_ObjectHideFlags: 0
  m_CorrespondingSourceObject: {fileID: 0}
  m_PrefabInstance: {fileID: 0}
  m_PrefabAsset: {fileID: 0}
  m_GameObject: {fileID: 2063583548}
  m_Enabled: 1
  m_EditorHideFlags: 0
  m_Script: {fileID: 11500000, guid: 99bf171fe08b50f4d978504d85f7beb5, type: 3}
  m_Name: 
  m_EditorClassIdentifier: 
  maskType: 0
  mask:
    serializedVersion: 2
    m_Bits: 0
--- !u!114 &2063583552
MonoBehaviour:
  m_ObjectHideFlags: 0
  m_CorrespondingSourceObject: {fileID: 0}
  m_PrefabInstance: {fileID: 0}
  m_PrefabAsset: {fileID: 0}
  m_GameObject: {fileID: 2063583548}
  m_Enabled: 1
  m_EditorHideFlags: 0
  m_Script: {fileID: 11500000, guid: 6da272b6ab73d83448127f71b25742da, type: 3}
  m_Name: 
  m_EditorClassIdentifier: 
--- !u!114 &2063583553
MonoBehaviour:
  m_ObjectHideFlags: 0
  m_CorrespondingSourceObject: {fileID: 0}
  m_PrefabInstance: {fileID: 0}
  m_PrefabAsset: {fileID: 0}
  m_GameObject: {fileID: 2063583548}
  m_Enabled: 1
  m_EditorHideFlags: 0
  m_Script: {fileID: 11500000, guid: e0dbb65f97d62b6469ee3b4526878423, type: 3}
  m_Name: 
  m_EditorClassIdentifier: 
  nearDistance: 0
  dragThreshold: 0.02
  clickInterval: 0.3
  showDebugRay: 1
  HoverLineRenderMaterial: {fileID: 0}
  LeaveLineRenderMaterial: {fileID: 0}
  LineRenderWidth: 0.008
  _Pointer: {fileID: 0}
  UseMouse: 0
  m_raycastMode: 0
  m_velocity: 2
  m_gravity: {x: 0, y: -1, z: 0}
  scrollDeltaScale: 1
  scrollDelta: {x: 0, y: 0}
--- !u!1001 &3497612561392565329
PrefabInstance:
  m_ObjectHideFlags: 0
  serializedVersion: 2
  m_Modification:
    m_TransformParent: {fileID: 0}
    m_Modifications:
    - target: {fileID: 3497612559850008461, guid: 99f7fd3956612a84eab151f6c23c66e8, type: 3}
      propertyPath: m_AnchorMax.y
      value: 1
      objectReference: {fileID: 0}
    - target: {fileID: 3497612559850008461, guid: 99f7fd3956612a84eab151f6c23c66e8, type: 3}
      propertyPath: m_AnchorMin.y
      value: 1
      objectReference: {fileID: 0}
    - target: {fileID: 3497612559850008461, guid: 99f7fd3956612a84eab151f6c23c66e8, type: 3}
      propertyPath: m_SizeDelta.x
      value: 183
      objectReference: {fileID: 0}
    - target: {fileID: 3497612559850008461, guid: 99f7fd3956612a84eab151f6c23c66e8, type: 3}
      propertyPath: m_AnchoredPosition.x
      value: 91.5
      objectReference: {fileID: 0}
    - target: {fileID: 3497612559850008461, guid: 99f7fd3956612a84eab151f6c23c66e8, type: 3}
      propertyPath: m_AnchoredPosition.y
      value: -62
      objectReference: {fileID: 0}
    - target: {fileID: 3497612559949738010, guid: 99f7fd3956612a84eab151f6c23c66e8, type: 3}
      propertyPath: m_AnchorMax.x
      value: 1
      objectReference: {fileID: 0}
    - target: {fileID: 3497612559949738010, guid: 99f7fd3956612a84eab151f6c23c66e8, type: 3}
      propertyPath: m_AnchorMax.y
      value: 0.60997415
      objectReference: {fileID: 0}
    - target: {fileID: 3497612559989746228, guid: 99f7fd3956612a84eab151f6c23c66e8, type: 3}
      propertyPath: m_AnchorMax.y
      value: 1
      objectReference: {fileID: 0}
    - target: {fileID: 3497612560016096544, guid: 99f7fd3956612a84eab151f6c23c66e8, type: 3}
      propertyPath: m_AnchorMax.y
      value: 1
      objectReference: {fileID: 0}
    - target: {fileID: 3497612560016096544, guid: 99f7fd3956612a84eab151f6c23c66e8, type: 3}
      propertyPath: m_AnchorMin.y
      value: 1
      objectReference: {fileID: 0}
    - target: {fileID: 3497612560016096544, guid: 99f7fd3956612a84eab151f6c23c66e8, type: 3}
      propertyPath: m_SizeDelta.x
      value: 183
      objectReference: {fileID: 0}
    - target: {fileID: 3497612560016096544, guid: 99f7fd3956612a84eab151f6c23c66e8, type: 3}
      propertyPath: m_AnchoredPosition.x
      value: 91.5
      objectReference: {fileID: 0}
    - target: {fileID: 3497612560016096544, guid: 99f7fd3956612a84eab151f6c23c66e8, type: 3}
      propertyPath: m_AnchoredPosition.y
      value: -212
      objectReference: {fileID: 0}
    - target: {fileID: 3497612560054615704, guid: 99f7fd3956612a84eab151f6c23c66e8, type: 3}
      propertyPath: m_AnchorMax.x
      value: 1
      objectReference: {fileID: 0}
    - target: {fileID: 3497612560054615704, guid: 99f7fd3956612a84eab151f6c23c66e8, type: 3}
      propertyPath: m_AnchorMax.y
      value: 1
      objectReference: {fileID: 0}
    - target: {fileID: 3497612560119949473, guid: 99f7fd3956612a84eab151f6c23c66e8, type: 3}
      propertyPath: m_AnchorMax.x
      value: 1
      objectReference: {fileID: 0}
    - target: {fileID: 3497612560119949473, guid: 99f7fd3956612a84eab151f6c23c66e8, type: 3}
      propertyPath: m_AnchorMax.y
      value: 1
      objectReference: {fileID: 0}
    - target: {fileID: 3497612560119949473, guid: 99f7fd3956612a84eab151f6c23c66e8, type: 3}
      propertyPath: m_SizeDelta.x
      value: -17
      objectReference: {fileID: 0}
    - target: {fileID: 3497612560119949473, guid: 99f7fd3956612a84eab151f6c23c66e8, type: 3}
      propertyPath: m_SizeDelta.y
      value: -17
      objectReference: {fileID: 0}
    - target: {fileID: 3497612560392910649, guid: 99f7fd3956612a84eab151f6c23c66e8, type: 3}
      propertyPath: m_AnchoredPosition.y
      value: 117.00021
      objectReference: {fileID: 0}
    - target: {fileID: 3497612561076248040, guid: 99f7fd3956612a84eab151f6c23c66e8, type: 3}
      propertyPath: m_AnchorMax.y
      value: 1
      objectReference: {fileID: 0}
    - target: {fileID: 3497612561076248040, guid: 99f7fd3956612a84eab151f6c23c66e8, type: 3}
      propertyPath: m_AnchorMin.y
      value: 1
      objectReference: {fileID: 0}
    - target: {fileID: 3497612561076248040, guid: 99f7fd3956612a84eab151f6c23c66e8, type: 3}
      propertyPath: m_SizeDelta.x
      value: 183
      objectReference: {fileID: 0}
    - target: {fileID: 3497612561076248040, guid: 99f7fd3956612a84eab151f6c23c66e8, type: 3}
      propertyPath: m_AnchoredPosition.x
      value: 91.5
      objectReference: {fileID: 0}
    - target: {fileID: 3497612561076248040, guid: 99f7fd3956612a84eab151f6c23c66e8, type: 3}
      propertyPath: m_AnchoredPosition.y
      value: -112
      objectReference: {fileID: 0}
    - target: {fileID: 3497612561125921399, guid: 99f7fd3956612a84eab151f6c23c66e8, type: 3}
      propertyPath: m_AnchorMax.y
      value: 1
      objectReference: {fileID: 0}
    - target: {fileID: 3497612561125921399, guid: 99f7fd3956612a84eab151f6c23c66e8, type: 3}
      propertyPath: m_AnchorMin.y
      value: 1
      objectReference: {fileID: 0}
    - target: {fileID: 3497612561125921399, guid: 99f7fd3956612a84eab151f6c23c66e8, type: 3}
      propertyPath: m_SizeDelta.x
      value: 183
      objectReference: {fileID: 0}
    - target: {fileID: 3497612561125921399, guid: 99f7fd3956612a84eab151f6c23c66e8, type: 3}
      propertyPath: m_AnchoredPosition.x
      value: 91.5
      objectReference: {fileID: 0}
    - target: {fileID: 3497612561125921399, guid: 99f7fd3956612a84eab151f6c23c66e8, type: 3}
      propertyPath: m_AnchoredPosition.y
      value: -162
      objectReference: {fileID: 0}
    - target: {fileID: 3497612561129744934, guid: 99f7fd3956612a84eab151f6c23c66e8, type: 3}
      propertyPath: m_AnchorMax.y
      value: 1
      objectReference: {fileID: 0}
    - target: {fileID: 3497612561129744934, guid: 99f7fd3956612a84eab151f6c23c66e8, type: 3}
      propertyPath: m_SizeDelta.y
      value: -17
      objectReference: {fileID: 0}
    - target: {fileID: 3497612561203107546, guid: 99f7fd3956612a84eab151f6c23c66e8, type: 3}
      propertyPath: m_Name
      value: Canvas
      objectReference: {fileID: 0}
    - target: {fileID: 3497612561203107546, guid: 99f7fd3956612a84eab151f6c23c66e8, type: 3}
      propertyPath: m_IsActive
      value: 0
      objectReference: {fileID: 0}
    - target: {fileID: 3497612561203107548, guid: 99f7fd3956612a84eab151f6c23c66e8, type: 3}
      propertyPath: m_PresetInfoIsWorld
      value: 1
      objectReference: {fileID: 0}
    - target: {fileID: 3497612561203107550, guid: 99f7fd3956612a84eab151f6c23c66e8, type: 3}
      propertyPath: m_Pivot.x
      value: 0.5
      objectReference: {fileID: 0}
    - target: {fileID: 3497612561203107550, guid: 99f7fd3956612a84eab151f6c23c66e8, type: 3}
      propertyPath: m_Pivot.y
      value: 0.5
      objectReference: {fileID: 0}
    - target: {fileID: 3497612561203107550, guid: 99f7fd3956612a84eab151f6c23c66e8, type: 3}
      propertyPath: m_RootOrder
      value: 3
      objectReference: {fileID: 0}
    - target: {fileID: 3497612561203107550, guid: 99f7fd3956612a84eab151f6c23c66e8, type: 3}
      propertyPath: m_AnchorMax.x
      value: 0.5
      objectReference: {fileID: 0}
    - target: {fileID: 3497612561203107550, guid: 99f7fd3956612a84eab151f6c23c66e8, type: 3}
      propertyPath: m_AnchorMax.y
      value: 0.5
      objectReference: {fileID: 0}
    - target: {fileID: 3497612561203107550, guid: 99f7fd3956612a84eab151f6c23c66e8, type: 3}
      propertyPath: m_AnchorMin.x
      value: 0.5
      objectReference: {fileID: 0}
    - target: {fileID: 3497612561203107550, guid: 99f7fd3956612a84eab151f6c23c66e8, type: 3}
      propertyPath: m_AnchorMin.y
      value: 0.5
      objectReference: {fileID: 0}
    - target: {fileID: 3497612561203107550, guid: 99f7fd3956612a84eab151f6c23c66e8, type: 3}
      propertyPath: m_SizeDelta.x
      value: 421.48
      objectReference: {fileID: 0}
    - target: {fileID: 3497612561203107550, guid: 99f7fd3956612a84eab151f6c23c66e8, type: 3}
      propertyPath: m_SizeDelta.y
      value: 233.2
      objectReference: {fileID: 0}
    - target: {fileID: 3497612561203107550, guid: 99f7fd3956612a84eab151f6c23c66e8, type: 3}
      propertyPath: m_LocalPosition.x
      value: 0
      objectReference: {fileID: 0}
    - target: {fileID: 3497612561203107550, guid: 99f7fd3956612a84eab151f6c23c66e8, type: 3}
      propertyPath: m_LocalPosition.y
      value: 0
      objectReference: {fileID: 0}
    - target: {fileID: 3497612561203107550, guid: 99f7fd3956612a84eab151f6c23c66e8, type: 3}
      propertyPath: m_LocalPosition.z
      value: -0.86
      objectReference: {fileID: 0}
    - target: {fileID: 3497612561203107550, guid: 99f7fd3956612a84eab151f6c23c66e8, type: 3}
      propertyPath: m_LocalRotation.w
      value: 0.9659258
      objectReference: {fileID: 0}
    - target: {fileID: 3497612561203107550, guid: 99f7fd3956612a84eab151f6c23c66e8, type: 3}
      propertyPath: m_LocalRotation.x
      value: 0.2588191
      objectReference: {fileID: 0}
    - target: {fileID: 3497612561203107550, guid: 99f7fd3956612a84eab151f6c23c66e8, type: 3}
      propertyPath: m_LocalRotation.y
      value: 0
      objectReference: {fileID: 0}
    - target: {fileID: 3497612561203107550, guid: 99f7fd3956612a84eab151f6c23c66e8, type: 3}
      propertyPath: m_LocalRotation.z
      value: 0
      objectReference: {fileID: 0}
    - target: {fileID: 3497612561203107550, guid: 99f7fd3956612a84eab151f6c23c66e8, type: 3}
      propertyPath: m_AnchoredPosition.x
      value: 0
      objectReference: {fileID: 0}
    - target: {fileID: 3497612561203107550, guid: 99f7fd3956612a84eab151f6c23c66e8, type: 3}
      propertyPath: m_AnchoredPosition.y
      value: 0.88
      objectReference: {fileID: 0}
    - target: {fileID: 3497612561203107550, guid: 99f7fd3956612a84eab151f6c23c66e8, type: 3}
      propertyPath: m_LocalEulerAnglesHint.x
      value: 30
      objectReference: {fileID: 0}
    - target: {fileID: 3497612561203107550, guid: 99f7fd3956612a84eab151f6c23c66e8, type: 3}
      propertyPath: m_LocalEulerAnglesHint.y
      value: 0
      objectReference: {fileID: 0}
    - target: {fileID: 3497612561203107550, guid: 99f7fd3956612a84eab151f6c23c66e8, type: 3}
      propertyPath: m_LocalEulerAnglesHint.z
      value: 0
      objectReference: {fileID: 0}
    - target: {fileID: 3497612561214176101, guid: 99f7fd3956612a84eab151f6c23c66e8, type: 3}
      propertyPath: m_AnchorMax.y
      value: 1
      objectReference: {fileID: 0}
    - target: {fileID: 3497612561214176101, guid: 99f7fd3956612a84eab151f6c23c66e8, type: 3}
      propertyPath: m_AnchorMin.y
      value: 1
      objectReference: {fileID: 0}
    - target: {fileID: 3497612561214176101, guid: 99f7fd3956612a84eab151f6c23c66e8, type: 3}
      propertyPath: m_SizeDelta.x
      value: 183
      objectReference: {fileID: 0}
    - target: {fileID: 3497612561214176101, guid: 99f7fd3956612a84eab151f6c23c66e8, type: 3}
      propertyPath: m_AnchoredPosition.x
      value: 91.5
      objectReference: {fileID: 0}
    - target: {fileID: 3497612561214176101, guid: 99f7fd3956612a84eab151f6c23c66e8, type: 3}
      propertyPath: m_AnchoredPosition.y
      value: -12
      objectReference: {fileID: 0}
    - target: {fileID: 3497612561405415197, guid: 99f7fd3956612a84eab151f6c23c66e8, type: 3}
      propertyPath: m_AnchorMax.y
      value: 1
      objectReference: {fileID: 0}
    - target: {fileID: 3497612561626601696, guid: 99f7fd3956612a84eab151f6c23c66e8, type: 3}
      propertyPath: m_AnchorMax.y
      value: 1
      objectReference: {fileID: 0}
    - target: {fileID: 3497612561626601696, guid: 99f7fd3956612a84eab151f6c23c66e8, type: 3}
      propertyPath: m_AnchorMin.y
      value: 1
      objectReference: {fileID: 0}
    - target: {fileID: 3497612561626601696, guid: 99f7fd3956612a84eab151f6c23c66e8, type: 3}
      propertyPath: m_SizeDelta.x
      value: 183
      objectReference: {fileID: 0}
    - target: {fileID: 3497612561626601696, guid: 99f7fd3956612a84eab151f6c23c66e8, type: 3}
      propertyPath: m_AnchoredPosition.x
      value: 91.5
      objectReference: {fileID: 0}
    - target: {fileID: 3497612561626601696, guid: 99f7fd3956612a84eab151f6c23c66e8, type: 3}
      propertyPath: m_AnchoredPosition.y
      value: -262
      objectReference: {fileID: 0}
    - target: {fileID: 3497612561657527576, guid: 99f7fd3956612a84eab151f6c23c66e8, type: 3}
      propertyPath: m_AnchorMax.x
      value: 1
      objectReference: {fileID: 0}
    - target: {fileID: 3497612561657527576, guid: 99f7fd3956612a84eab151f6c23c66e8, type: 3}
      propertyPath: m_SizeDelta.x
      value: -17
      objectReference: {fileID: 0}
    m_RemovedComponents: []
  m_SourcePrefab: {fileID: 100100000, guid: 99f7fd3956612a84eab151f6c23c66e8, type: 3}
--- !u!1001 &4042334721926809172
PrefabInstance:
  m_ObjectHideFlags: 0
  serializedVersion: 2
  m_Modification:
    m_TransformParent: {fileID: 0}
    m_Modifications:
    - target: {fileID: 4042334721810141552, guid: 4437ad3bdee5d474e9bfb926c8c2ab08, type: 3}
      propertyPath: m_Name
      value: EventSystem
      objectReference: {fileID: 0}
    - target: {fileID: 4042334721810141555, guid: 4437ad3bdee5d474e9bfb926c8c2ab08, type: 3}
      propertyPath: m_RootOrder
      value: 4
      objectReference: {fileID: 0}
    - target: {fileID: 4042334721810141555, guid: 4437ad3bdee5d474e9bfb926c8c2ab08, type: 3}
      propertyPath: m_LocalPosition.x
      value: 0
      objectReference: {fileID: 0}
    - target: {fileID: 4042334721810141555, guid: 4437ad3bdee5d474e9bfb926c8c2ab08, type: 3}
      propertyPath: m_LocalPosition.y
      value: 0
      objectReference: {fileID: 0}
    - target: {fileID: 4042334721810141555, guid: 4437ad3bdee5d474e9bfb926c8c2ab08, type: 3}
      propertyPath: m_LocalPosition.z
      value: 0
      objectReference: {fileID: 0}
    - target: {fileID: 4042334721810141555, guid: 4437ad3bdee5d474e9bfb926c8c2ab08, type: 3}
      propertyPath: m_LocalRotation.w
      value: 1
      objectReference: {fileID: 0}
    - target: {fileID: 4042334721810141555, guid: 4437ad3bdee5d474e9bfb926c8c2ab08, type: 3}
      propertyPath: m_LocalRotation.x
      value: 0
      objectReference: {fileID: 0}
    - target: {fileID: 4042334721810141555, guid: 4437ad3bdee5d474e9bfb926c8c2ab08, type: 3}
      propertyPath: m_LocalRotation.y
      value: 0
      objectReference: {fileID: 0}
    - target: {fileID: 4042334721810141555, guid: 4437ad3bdee5d474e9bfb926c8c2ab08, type: 3}
      propertyPath: m_LocalRotation.z
      value: 0
      objectReference: {fileID: 0}
    - target: {fileID: 4042334721810141555, guid: 4437ad3bdee5d474e9bfb926c8c2ab08, type: 3}
      propertyPath: m_LocalEulerAnglesHint.x
      value: 0
      objectReference: {fileID: 0}
    - target: {fileID: 4042334721810141555, guid: 4437ad3bdee5d474e9bfb926c8c2ab08, type: 3}
      propertyPath: m_LocalEulerAnglesHint.y
      value: 0
      objectReference: {fileID: 0}
    - target: {fileID: 4042334721810141555, guid: 4437ad3bdee5d474e9bfb926c8c2ab08, type: 3}
      propertyPath: m_LocalEulerAnglesHint.z
      value: 0
      objectReference: {fileID: 0}
    m_RemovedComponents: []
  m_SourcePrefab: {fileID: 100100000, guid: 4437ad3bdee5d474e9bfb926c8c2ab08, type: 3}
